3184 5442
295 726 340 789 86
464 802 467 807 ι
682 743 712 783 o.
740 739 916 783 ιιιιῐωιει

294 885 472 956 mansuro,
484 884 558 966 quin
566 903 628 944 non
638 881 769 953 sumleo,
780 879 994 943 nthominibns
1004 880 1097 943 velim
1109 881 1231 965 placere
1244 906 1251 945 :
1264 893 1297 948 et

294 985 351 1049 hoc
364 986 422 1047 sub
436 981 673 1066 interrogatione
687 980 734 1042 itn
745 1002 752 1040 :
776 992 833 1040 aut
848 1001 957 1065 quoero
967 979 1294 1068 hominibnspluceoe.

296 1120 338 1133 -
360 1083 478 1146 Notum
501 1089 583 1143 eninr
605 1079 708 1142 volis.
722 1079 734 1165 l
747 1080 802 1142 Ad
825 1079 882 1142 hoc
905 1079 1086 1162 respondet,
1104 1082 1186 1165 quod
1206 1103 1298 1166 supe

295 1182 473 1248 riusdixit:
489 1181 563 1243 Νοιι
580 1180 620 1242 ab
638 1179 955 1265 hominibns;neqne
973 1202 1035 1264 per
1056 1178 1224 1244 lomim.
1252 1217 1294 1232 -

294 1283 404 1370 Neque
420 1290 503 1344 enim
519 1304 591 1367 ego.
605 1279 724 1367 ]Qunsi
740 1279 875 1342 diceret:
894 1279 999 1342 Homo
1019 1300 1071 1342 me
1088 1301 1151 1342 non
1168 1281 1292 1346 docuit:

295 1383 370 1468 quin
382 1404 441 1467 ego
451 1403 513 1445 non
525 1381 618 1444 didici
631 1382 672 1443 ab
686 1379 820 1442 homine.
848 1413 888 1426 -
913 1377 1061 1440 Audistis
1083 1388 1178 1443 enim.
1193 1379 1207 1466 ]
1227 1383 1295 1445 Ex-

298 1483 387 1566 ponit
399 1481 532 1565 qualiter
544 1478 747 1564 Erengelium
758 1476 912 1560 acceperit
920 1497 977 1560 per
990 1478 1208 1543 revelationem
1219 1480 1296 1544 Jesu

295 1580 424 1647 Quieti.
451 1615 492 1628 -
520 1577 598 1642 Cum
616 1586 721 1640 nutem
731 1575 870 1662 placuit.
884 1574 897 1662 ]
911 1576 1028 1640 Proba
1042 1577 1189 1660 quianon
1204 1598 1295 1644 εωθ-

295 1681 343 1766 pit
360 1679 565 1765 Evungelium
588 1679 629 1741 eb
648 1677 793 1741 homine:
810 1696 883 1739 nem
908 1696 1008 1759 neque
1024 1685 1097 1760 post
1119 1679 1296 1742 conversio-

294 1801 385 1856 nen,
404 1800 462 1844 nec
479 1786 552 1843 ente
566 1777 807 1842 conversionem.
827 1778 909 1839 Ante
926 1776 1155 1840 conversionem
1170 1799 1233 1840 non
1247 1799 1298 1844 nc-

297 1879 380 1964 cepit
393 1881 434 1943 ub
452 1877 591 1952 homine,
610 1877 684 1962 quie
696 1876 914 1961 impugnabam
934 1875 1026 1954 illud,
1050 1877 1132 1959 quod
1151 1877 1293 1943 audistis.

296 1980 375 2045 Post
392 1978 622 2044 conversionem
642 1999 704 2040 non
720 1976 842 2059 accepi.
862 1974 935 2058 qui·
948 1996 1049 2060 neque
1067 1977 1190 2051 stetim,
1213 1981 1297 2062 qnod

296 2079 651 2162 estnonecqnievi‚nec
664 2086 812 2160 posttres
825 2097 940 2150 annos.
957 2078 1296 2161 necpostquutnorde-

298 2177 358 2240 cim
373 2202 381 2240 ε
399 2188 471 2261 post
485 2178 567 2241 aliud
588 2186 710 2261 tempos
728 2185 861 2240 constet.
881 2176 1035 2239 Removet
1048 2177 1117 2240 illes
1133 2185 1239 2260 partes
1257 2179 1298 2243 de

300 2277 413 2359 qmtus
435 2277 658 2360 suspicabatur.
685 2310 726 2323 —
749 2275 851 2336 Eram
867 2288 971 2337 nutem
995 2276 1157 2361 iponem]
1176 2276 1227 2341 Ab
1250 2279 1297 2342 eis

298 2396 360 2437 non
375 2375 496 2459 occepi,
518 2373 591 2458 quic
608 2395 677 2438 cnm
692 2382 812 2436 constet
828 2394 878 2436 me
899 2377 965 2457 jem
984 2377 1186 2458 pmdioesse,
1211 2399 1297 2442 erem

298 2473 357 2538 illis
380 2475 503 2559 ignotus
529 2473 625 2546 fecie,
652 2473 727 2556 quia
745 2493 830 2536 eram
853 2483 975 2537 tentum
996 2484 1088 2540 notus
1107 2477 1227 2541 auditu.

727 2782 797 2824 CAP.
825 2784 860 2825 11.

342 2971 485 3035 Asccndt
497 2970 754 3057 lerosolymam]
764 2972 915 3036 Ascendit
928 2972 1068 3055 quidem,
1082 2994 1143 3036 non
1154 2979 1191 3036 ut
1200 2973 1300 3036 disoe-

300 3079 364 3145 ret;
381 3071 476 3136 immo
491 3071 564 3156 quie
577 3074 743 3156 putabatur
758 3072 961 3158 Evangelium
976 3093 1065 3137 suum
1084 3074 1123 3136 ab
1137 3072 1301 3156 Apostolis

299 3169 453 3248 divisum,
469 3180 595 3257 propter
611 3172 755 3256 hocquia
775 3193 835 3235 non
858 3169 917 3235 fuit
936 3193 1006 3236 cum
1025 3172 1143 3236 caeteris
1161 3172 1294 3246 electus,

299 3291 356 3336 nec
379 3272 519 3337 audierat
538 3294 559 3336 a
580 3272 724 3338 Christo:
749 3271 819 3335 ideo
838 3271 913 3335 dicit
927 3293 961 3334 se
983 3272 1088 3336 divina
1111 3270 1299 3336 revelatione

299 3368 435 3442 verum.
450 3377 487 3435 ut
507 3369 659 3434 conferret
673 3391 742 3434 cum
763 3371 808 3433 eis
827 3370 1030 3454 Evangelium
1043 3393 1145 3442 suum;
1160 3391 1216 3434 nec
1230 3391 1299 3435 um-

299 3465 379 3552 pliuo
394 3469 478 3552 juste
498 3473 602 3550 posset
625 3468 793 3551 reprobari.
817 3503 862 3516 -
884 3467 953 3529 Sed
968 3491 1069 3556 neque
1092 3469 1192 3532 Titus.
1205 3469 1217 3555 ]
1230 3471 1299 3535 Vo-

299 3564 420 3629 luerunt
429 3562 481 3628 elii
491 3563 635 3646 Apostoli
646 3572 682 3628 ut
690 3564 778 3628 Titus
790 3565 1054 3630 circumcideretur
1063 3576 1187 3648 propter
1196 3571 1301 3633 viten-
1315 3564 1317 3571 ’

299 3662 371 3728 dum
386 3662 561 3729 soendnlum
573 3663 775 3746 quorumdem
787 3663 940 3739 fidelium,
954 3666 1057 3746 quiex
1068 3664 1301 3734 circumcisione

298 3761 503 3835 crediderent;
521 3761 577 3826 sed
596 3783 657 3826 non
680 3761 822 3845 permisit
839 3762 1011 3847 Apostolus
1031 3784 1101 3827 eum
1124 3762 1300 3832 circumcidi

298 3869 423 3947 propter
444 3862 593 3946 quosdam
619 3863 713 3929 falsos
734 3862 943 3939 Christianos,
967 3865 1021 3947 qui
1036 3866 1115 3929 clem
1134 3886 1299 3931 converse·

301 3962 411 4027 buntur
426 3961 506 4026 inter
520 3963 625 4028 fideles
637 4014 644 4036 .
658 3972 695 4029 ut
705 3963 900 4047 explorarent
914 3963 1088 4030 libertatem
1102 3987 1219 4042 eorum,
1237 3988 1300 4050 qne

302 4059 559 4125 circumcisionem
571 4063 690 4129 etulius
701 4063 1296 4140 camdaeobservantiasnoncurabmc

303 4158 344 4224 cd
360 4159 416 4224 hoc
430 4160 644 4242 explorabant,
667 4171 704 4227 nt
717 4183 786 4226 eam
804 4161 994 4238 libertatem,
1013 4185 1082 4228 cum
1097 4165 1200 4248 eliqua
1213 4166 1298 4230 culli-

303 4257 399 4325 ditute
422 4258 630 4337 destruerent,
647 4270 680 4327 et
699 4262 813 4346 legales
832 4263 1042 4328 observantius
1065 4266 1295 4348 persuaderent.
