3184 5442
465 755 671 798 nuccmnuu‘n
695 757 763 797 srva
787 758 944 798 umaoors.
1134 739 1198 801 227

249 894 303 958 25.
333 896 573 958 Deoscensione
583 907 614 956 et
625 903 766 956 sessione
779 892 899 956 Christi
910 893 956 955 od
965 894 1127 958 dexteram
1135 897 1201 958 Pn-

207 1002 267 1057 tris
280 1019 291 1056 .·
304 1007 335 1056 et
346 992 559 1082 quomoelo=ibi
571 1007 707 1081 oretpro
723 994 822 1057 nobis.

250 1107 292 1170 D.
319 1105 470 1170 Ascendit
482 1106 581 1169 solusl
599 1144 642 1154 -
655 1108 701 1170 M.
716 1107 775 1184 Qui
786 1129 855 1170 curn
867 1129 904 1170 eo
914 1116 1120 1183 surrexerunt,
1136 1131 1204 1173 cum

206 1228 244 1269 eo
257 1206 350 1270 etiam
362 1207 576 1270 ascenderunt.

252 1318 294 1381 D.
321 1318 391 1397 Qua
403 1317 501 1381 forma
515 1318 667 1382 ascenditl
688 1357 727 1368 -
747 1321 793 1383 M.
813 1321 921 1403 Usque
934 1321 973 1382 ad
986 1322 1082 1383 nubes
1094 1287 1131 1384 ea
1143 1321 1205 1384 for-

209 1434 371 1497 maquam
392 1422 464 1478 ante
483 1415 656 1498 passionem
673 1416 799 1480 habuit:
818 1425 979 1498 susceptus
993 1424 1130 1481 autema
1148 1439 1206 1481 nu-

209 1515 310 1588 bibus,
326 1535 363 1578 ea
373 1536 434 1598 qua
449 1515 481 1577 in
496 1524 600 1578 monte
616 1516 769 1600 apparuit.

254 1627 297 1690 D.
324 1627 425 1705 Quare
439 1648 500 1690 non
512 1627 618 1690 statim
631 1627 769 1691 ascendit
784 1634 948 1710 postquam
966 1627 1147 1691 resurrexitl
1166 1665 1206 1676 —

213 1725 261 1789 Μ.
274 1727 406 1810 Propter
417 1733 481 1790 tres
496 1747 615 1790 causas.
634 1727 754 1797 Primo,
774 1736 809 1790 ut
822 1726 869 1790 sui
885 1726 1093 1810 experimento
1111 1728 1209 1792 disce-

213 1835 281 1890 rent
293 1847 362 1890 eum
375 1826 528 1891 veraciter
540 1827 719 1902 surrexisse,
734 1848 825 1910 quern
837 1827 976 1890 viderent
987 1828 1170 1891 manducare
1179 1837 1211 1892 et
1319 1830 1323 1835 ’

214 1926 327 1990 bibere.
346 1927 503 1998 Secundo,
519 1937 591 2010 post
609 1927 814 2011 quadraginta
832 1927 897 1990 dies
914 1926 1010 1989 voluit
1029 1929 1208 2007 ascendere,

213 2033 249 2089 ut
259 2027 483 2091 demonstraret
494 2048 559 2101 eos,
571 2027 624 2109 qui
634 2026 812 2110 decalogum
821 2027 898 2109 legis
908 2047 963 2109 per
972 2035 1102 2109 quatuor
1110 2029 1212 2091 Evau-

214 2125 293 2210 gelia
304 2126 510 2210 impleverint,
521 2147 611 2210 posse
624 2126 733 2190 coelum
745 2126 921 2191 ascendere.
931 2125 1046 2205 Terti0‚
1056 2128 1138 2209 quod
1149 2131 1211 2192 Ec-

214 2227 324 2304 clesia,
342 2249 409 2311 quae
428 2248 538 2310 corpus
555 2227 670 2293 Christi
684 2239 751 2301 est,
772 2237 843 2312 post
858 2227 1032 2311 passionem
1047 2250 1140 2311 quam
1156 2232 1212 2292 sub

216 2328 407 2392 Antichristo
437 2327 495 2390 erit
525 2348 671 2411 passura,
699 2328 809 2391 deinde
835 2334 906 2411 post
927 2328 1131 2411 quadraginta
1148 2330 1214 2392 dies

215 2427 348 2491 creditur
362 2427 471 2492 coelum
484 2448 656 2503 ascensura.

262 2539 410 2618 1).de
437 2548 484 2604 est
498 2540 659 2606 Christum
685 2542 717 2604 iu
741 2543 870 2605 dextera
889 2541 994 2604 Patris
1021 2541 1142 2605 sederet
1173 2577 1212 2588 -

219 2637 266 2701 M.
283 2639 516 2704 Humanitatem
532 2642 562 2703 in
574 2641 670 2726 gloria
684 2641 863 2705 Divinitatis
878 2643 1041 2724 quiescere.

263 2751 306 2814 D.
332 2752 471 2830 Quahter
491 2774 546 2836 pro
567 2755 654 2816 uobis
672 2754 847 2837 interpellat
865 2753 1009 2817 Patreml
1027 2789 1066 2800 -
1088 2754 1134 2816 M.
1152 2753 1214 2814 Re-

219 2854 431 2932 praesentando
443 2853 556 2938 jugiter
571 2875 658 2917 suam
674 2853 859 2936 passionem.

267 3173 321 3238 26.
348 3175 397 3238 De
412 3183 563 3238 missione
574 3175 713 3261 Spiritus
726 3178 833 3237 sancti
841 3226 848 3249 ‚
861 3187 891 3236 et
905 3173 945 3235 de
959 3171 1076 3235 Christi
1084 3172 1214 3258 gestidio.

267 3286 310 3349 D.
336 3285 400 3352 Cur
412 3302 477 3350 non
488 3307 559 3350 mox
575 3285 658 3350 misit
672 3286 823 3369 Spiritum
838 3293 978 3350 sanctum
992 3336 999 3356 ,
1012 3285 1067 3347 sed
1080 3292 1151 3367 post
1163 3285 1218 3348 de·-

224 3406 290 3449 cem
306 3385 386 3450 diest
403 3423 444 3435 -
461 3387 508 3451 M.
527 3387 576 3452 Ob
592 3396 655 3450 tres
669 3407 788 3450 causas.
803 3386 922 3460 Primo,
939 3393 974 3448 ut
989 3383 1132 3468 Apostoli
1139 3386 1218 3471 jeju-

224 3485 284 3549 niis
297 3493 330 3549 et
343 3487 530 3551 orationibus
541 3506 575 3549 se
588 3493 678 3570 aptos
693 3487 733 3549 ad
748 3487 813 3572 ejus
825 3488 989 3550 adventum
1001 3494 1216 3569 prepararent.

225 3587 378 3662 Secundo,
391 3589 474 3672 quod
488 3588 519 3651 hi
535 3588 673 3671 spiritum
684 3595 824 3652 sanctum
837 3587 1037 3672 perciperent,
1053 3586 1106 3669 qui
1115 3587 1221 3650 decem

226 3696 380 3771 praecepta
399 3688 569 3772 explerent.
586 3687 706 3761 Tertia,
725 3690 807 3771 quod
823 3689 855 3751 in
875 3686 1126 3773 quinquagesimo
1140 3686 1222 3750 diea

227 3788 444 3852 resurrectione
462 3812 467 3850 ι
482 3797 517 3853 ut
535 3787 613 3852 sicut
636 3788 766 3871 populus
789 3789 850 3852 Dei
870 3796 941 3872 post
960 3787 1167 3852 liberationem
1183 3788 1222 3849 ab

227 3888 371 3973 AEgypto
385 3889 636 3974 quinquagesimo
651 3888 700 3952 die
713 3888 831 3972 accepit
845 3890 943 3976 legem
955 3887 1088 3959 timoris;
1106 3886 1151 3949 ita
1164 3906 1223 3968 pou

228 3987 317 4070 pulos
331 3988 464 4052 fidelium
478 3995 549 4073 post
563 3987 770 4052 hherationem
787 4011 873 4052 suam
889 4010 908 4052 a
922 3990 1053 4062 mundo,
1072 3985 1220 4069 quinqua-

229 4091 345 4169 gesimo
357 4088 407 4151 die
422 4090 573 4172 acciperet
584 4088 683 4173 legem
695 4089 819 4152 amoris.
837 4090 872 4152 In
884 4089 1007 4175 jubilaeo
1022 4087 1114 4151 etiam
1129 4106 1220 4157 anno,

229 4187 337 4261 idest,
351 4187 617 4272 quinquagesimo,
637 4187 751 4270 recepit
761 4188 891 4270 populus
905 4188 1087 4252 christianus
1097 4184 1223 4247 liberta-

231 4294 292 4348 tern
310 4285 454 4352 amissam
469 4296 500 4352 et
514 4287 646 4371 paradisi
662 4286 869 4351 haereditatem
886 4312 892 4350 ε
909 4289 952 4350 ita
966 4289 997 4348 in
1011 4286 1068 4349 hac
1084 4283 1225 4380 dierece-

1074 4390 1116 4434 rs.
