3184 5442
294 720 339 785 32
677 736 704 776 o.
731 733 904 776 mnrnnncr

294 882 325 943 in
340 879 448 945 arturo
475 912 514 926 —
544 874 670 938 Vocabo
693 898 755 937 non
773 872 931 961 plebem]
950 873 1096 937 Probatio
1114 873 1194 955 quod
1208 891 1282 936 vasa

295 975 506 1043 misericordia
528 996 568 1038 ex
590 973 742 1039 Gentibus
764 973 920 1038 vocaverit
942 973 1038 1036 Deus
1062 972 1179 1036 Gentes
1202 971 1283 1034 enim

294 1098 355 1141 nou
365 1076 453 1159 plebs
465 1073 527 1139 Dei
540 1079 612 1137 ante
625 1073 717 1137 fidem
735 1078 833 1136 erant.
861 1107 901 1119 -
925 1072 971 1136 Et
986 1078 1045 1133 erit
1061 1078 1095 1132 in
1111 1069 1212 1155 loco]
1226 1071 1247 1134 J
1248 1091 1283 1134 u·

294 1176 352 1240 doei
362 1194 418 1259 per
431 1173 544 1236 multus
551 1171 691 1235 nationes
701 1173 793 1235 etiam
804 1177 875 1236 ante
886 1171 1051 1235 adventum
1063 1169 1177 1235 Christi
1186 1169 1284 1253 sparsi

295 1280 401 1337 erant:
420 1294 439 1336 a
458 1271 567 1356 quihus
586 1270 741 1335 dicebatur
761 1291 842 1354 saepe
858 1270 1020 1345 Gentibus,
1039 1269 1109 1353 quia
1125 1268 1212 1351 plebs
1225 1268 1285 1332 Dei

295 1378 477 1435 nonessent.
507 1407 546 1419 -
571 1368 1067 1457 Sifuerit.]Prohatioquiavasa
1075 1367 1286 1431 misericordiae

295 1493 335 1536 ex
348 1471 463 1536 Judaeis
476 1471 573 1535 aDeo
587 1477 698 1536 vocata
710 1476 793 1547 sunt,
809 1468 911 1547 fuerit,
927 1468 1074 1532 inusitata
1088 1467 1285 1531 translatione

295 1570 339 1634 ita
360 1571 537 1654 reperiatur.
560 1570 594 1635 Si
617 1569 707 1635 fuerit
727 1571 856 1655 populus
875 1575 946 1634 tuus
966 1565 1062 1632 Israel
1085 1565 1171 1650 quasi
1194 1585 1288 1628 arena
1309 1616 1312 1621 .

296 1670 400 1745 maris,
413 1669 536 1753 reliquae
547 1676 761 1735 convertentur
773 1690 814 1732 ex
827 1690 864 1733 eo
878 1666 1097 1734 consummatio
1110 1665 1288 1729 abbreviata

296 1768 453 1834 mandavit
470 1769 641 1855 justitiam
666 1767 957 1833 consummationem
978 1767 1059 1831 enim
1078 1772 1110 1830 et
1128 1764 1286 1829 abbrevia-

296 1868 411 1933 tionem
430 1869 581 1933 Dominus
595 1870 683 1934 Deus
699 1867 886 1933 exercituum
905 1866 997 1932 saciet
1019 1867 1050 1930 in
1071 1865 1171 1929 medio
1189 1864 1287 1928 omnis

296 1974 394 2033 terrae.
423 2004 463 2017 -
488 1965 670 2055 debelaim]
683 1967 719 2030 Id
734 1973 797 2040 est,
815 1965 891 2028 viles
905 1965 1009 2047 pauci,
1034 1963 1085 2046 qui
1106 1963 1144 2024 de
1161 1982 1286 2026 numero

295 2067 460 2132 infidelium
474 2067 635 2149 impiorum
647 2066 828 2149 regnabunt.
856 2098 896 2110 -
925 2061 1059 2123 Verbum
1073 2059 1191 2145 enim]
1208 2062 1287 2125 Ver·

295 2168 368 2228 hum
389 2184 600 2228 consummans
613 2168 704 2225 vocat
720 2160 911 2224 dilectionem
925 2159 993 2232 Dei,
1015 2165 1047 2221 et
1060 2158 1206 2241 proximi,
1233 2181 1288 2242 per

295 2283 389 2347 quam
400 2261 510 2324 salvati
521 2266 593 2323 sunt
601 2259 703 2342 plures
717 2259 776 2320 fine
788 2257 936 2343 legalibus
949 2257 1218 2321 observationibus.
1245 2296 1285 2308 -

296 2359 396 2424 Nobis
419 2358 556 2444 semem]
577 2358 689 2422 Semen
714 2363 806 2421 vocat
828 2357 1013 2441 Apostolos,
1046 2363 1078 2420 et
1100 2357 1286 2440 primitivam

296 2458 475 2523 Ecclesiam.
503 2492 543 2506 -
571 2454 819 2544 offuderunt]
834 2456 936 2521 Causa
946 2477 1000 2522 cur
1009 2478 1071 2520 non
1085 2467 1288 2540 pervenerunt

296 2558 327 2621 in
345 2557 444 2641 legem
457 2557 597 2644 justitiae;
620 2563 653 2621 et
670 2577 723 2620 cur
740 2577 802 2619 non
824 2557 949 2621 credant
965 2558 1118 2621 hominem
1129 2557 1287 2644 justificari

297 2678 336 2721 ex
361 2658 432 2721 fide.
456 2690 501 2708 -
524 2657 614 2720 Sicut
635 2663 787 2742 scriptum
810 2655 888 2742 est]
909 2655 1062 2721 Subaudis
1084 2657 1116 2720 in
1142 2677 1202 2740 quo
1225 2658 1288 2721 fida

297 2756 460 2821 aemulatio.
478 2758 552 2822 Zelo
564 2759 644 2822 bono
657 2777 714 2821 nos
727 2758 927 2833 emulantur,
945 2759 972 2821 si
991 2758 1129 2824 nesciunt
1147 2756 1220 2840 quid
1237 2754 1285 2820 fa-

297 2856 390 2933 ciunt,
404 2857 554 2944 justitiam
563 2857 624 2922 Dei
633 2878 701 2941 quoe
710 2878 764 2941 per
775 2858 867 2920 fidem
881 2855 998 2922 Christi
1006 2864 1064 2921 est.
1084 2909 1085 2912 η

726 3176 793 3218 CAP.
821 3177 853 3218 X.

340 3354 385 3415 Et
399 3375 490 3415 suom
504 3357 709 3441 querentem]
733 3358 834 3435 Quam
855 3367 965 3441 putant
989 3379 1056 3423 esse
1078 3380 1133 3442 per
1151 3361 1287 3424 camales

296 3451 533 3516 observationes.
558 3489 602 3501 -
624 3453 719 3514 Finis
740 3463 824 3516 enim
850 3456 960 3541 legin]
984 3457 1122 3538 Exponit
1151 3478 1219 3539 quae
1247 3459 1288 3524 sit

292 3548 412 3634 justitia
425 3548 507 3612 Dei:
521 3549 662 3614 videlicet
677 3551 800 3614 credere
817 3551 849 3615 in
862 3552 1036 3616 Christum:
1059 3554 1091 3616 in
1114 3574 1205 3636 quern
1220 3576 1287 3620 ore-

295 3646 483 3711 demetiam
507 3648 622 3734 legales
653 3651 880 3716 observationes
905 3652 1100 3736 spiritualiter
1127 3652 1287 3720 intellectae

295 3746 474 3811 suadebant.
495 3749 539 3812 Et
556 3755 604 3812 ost
624 3769 746 3824 sensus;
764 3749 893 3815 intentio
908 3750 995 3834 legis,
1014 3757 1050 3816 ut
1060 3751 1211 3838 justitiam
1229 3754 1286 3819 ha-

293 3845 366 3908 beat
376 3845 478 3923 hom0,
498 3854 560 3922 est3
583 3847 614 3910 id
629 3855 693 3924 est,
713 3849 788 3912 fides
802 3848 925 3913 Christi.
955 3884 995 3897 -
1019 3849 1150 3933 Moyses
1165 3854 1286 3941 enim]

200 3952 206 3963 '
293 3944 429 4028 Exponit
442 3945 519 4030 legis
529 3946 692 4033 justitiam,
715 3968 770 4031 per
790 3968 885 4030 quam
900 3950 921 4013 J
922 3949 998 4012 udaei
1012 3950 1077 4013 sine
1091 3951 1151 4014 fide
1171 3950 1286 4017 Christi

290 4047 389 4132 justos
412 4065 446 4108 se
473 4067 540 4110 esse
566 4047 726 4130 putabant.
754 4083 794 4096 -
823 4047 903 4133 Quoe
924 4062 1027 4112 autem
1052 4072 1094 4112 ex
1106 4050 1181 4137 fide
1203 4053 1285 4138 era]

295 4144 390 4221 Ordo,
409 4143 453 4209 sic
466 4145 545 4210 dixit
555 4147 682 4231 Moyses
693 4145 845 4232 justitiam
861 4171 868 4212 :
887 4169 955 4231 quae
965 4150 1085 4234 justitia
1099 4152 1197 4215 estex
1210 4152 1283 4216 fide.

298 4279 338 4292 -
361 4242 411 4305 Ne
421 4243 573 4330 dixerim]
588 4244 666 4309 Cum
679 4247 820 4324 audieris,
836 4248 945 4333 inquit,
960 4251 1115 4333 praediocri
1131 4250 1284 4315 Christum
