3184 5442
394 719 481 762 uranu
504 721 543 761 oa
567 721 702 764 coaroaa
725 723 763 765 ar
787 725 876 766 sanc.
907 727 1027 767 uourur.
1146 709 1206 771 161

215 860 427 923 tantummodo
440 866 526 922 tuum
538 868 615 933 erat,
630 862 668 922 ad
680 862 869 963 probpndam
882 885 946 926 rem
960 864 1081 927 dubiam
1098 870 1211 930 assumi

215 959 338 1022 minime
356 960 527 1041 oportebat.
547 960 710 1043 Reliquum
733 984 806 1024 vero
829 964 910 1045 quod
927 963 1037 1026 nullius
1056 965 1211 1028 hominum

215 1080 281 1123 esse
295 1058 447 1128 consistit,
462 1079 500 1120 ne
516 1058 547 1120 id
564 1059 687 1140 quidem
703 1061 801 1124 dubiae
821 1062 864 1124 rei
882 1063 974 1125 fidem
989 1063 1089 1127 facere
1109 1065 1212 1148 aliqua

215 1159 330 1223 ratione
345 1158 488 1242 oportuit.
507 1158 584 1235 Quis
607 1159 688 1221 enim
709 1148 828 1224 certum
843 1182 925 1236 esse,
941 1170 995 1224 aut
1013 1171 1129 1226 certum
1147 1166 1211 1228 fieri

215 1280 304 1343 posse
324 1258 502 1330 arbitretur,
522 1258 604 1339 quod
628 1279 734 1320 omnes
758 1268 891 1343 negant,
913 1261 1012 1323 nullus
1033 1265 1208 1328 confiteturl

215 1359 311 1443 Igitur
333 1379 372 1420 ne
396 1356 429 1419 id
454 1356 578 1439 quidem
601 1357 640 1418 ad
663 1366 875 1440 argumentum
894 1360 973 1423 sumi
994 1361 1120 1425 rationis
1139 1362 1208 1429 fuit.

215 1457 298 1520 Male
307 1478 380 1541 ergo
392 1463 554 1539 utrumque
566 1456 704 1539 posuisti.
719 1458 780 1520 His
789 1460 907 1545 duobus
917 1461 1122 1526 vitiosissimis
1130 1465 1211 1546 prin-

215 1557 300 1640 cipiis
318 1562 416 1620 totam
438 1553 731 1639 argumentationem
752 1569 838 1620 tuam
859 1559 1023 1622 identidem
1045 1565 1210 1644 repetendo

215 1658 254 1719 ad
269 1659 360 1719 finem
376 1676 471 1738 usque
491 1655 639 1718 contexis
661 1655 709 1718 Ac
727 1666 889 1739 propterea
908 1679 1031 1721 necesse
1052 1668 1099 1723 cst
1120 1663 1211 1726 vitio-

215 1778 297 1831 sum,
315 1777 371 1820 nec
386 1756 611 1832 concedendum
627 1776 693 1816 esse
709 1755 851 1838 quicquid
864 1777 902 1818 ex
914 1757 1049 1837 vitiosis,
1067 1781 1123 1824 nec
1135 1785 1209 1825 con-

214 1856 307 1921 cessis
322 1855 477 1939 principiis
492 1854 662 1918 constiterit
677 1875 830 1918 emanare.

258 1956 371 2020 Adhuc
382 1956 441 2019 alio
453 1962 633 2039 argumento
647 1958 774 2038 probare
787 1956 955 2032 contendis,
970 1979 1080 2040 panem
1090 1960 1210 2023 vinum-

215 2078 273 2141 que
287 2065 358 2140 post
375 2051 676 2120 consecrationem'in
692 2055 907 2138 principalibus
919 2076 1096 2137 permanere
1111 2080 1212 2122 essen-

213 2157 280 2232 tiis,
292 2155 396 2219 dicens
410 2178 415 2216 :
434 2185 446 2206 u
466 2154 533 2216 Non
546 2154 625 2216 enim
642 2162 781 2217 constare
793 2155 906 2237 poterit
918 2155 1079 2235 affirmatio
1092 2160 1206 2235 omnis,

214 2263 301 2342 parte
316 2257 453 2319 subruta.
467 2285 480 2306 n
502 2255 555 2317 Ad
570 2257 655 2340 cujus
667 2255 710 2318 rei
721 2255 932 2336 probationem
944 2278 1004 2317 non
1020 2259 1152 2339 oportuit
1162 2260 1209 2322 iu-

213 2355 283 2419 ferri
299 2355 513 2438 particularem
527 2354 737 2435 negationem,
756 2374 818 2436 qua
834 2355 871 2416 de
888 2356 1029 2436 praesenti
1044 2358 1210 2438 quaestionc

213 2456 287 2518 nihil
299 2454 464 2538 colligitur,
479 2454 534 2516 sed
548 2453 751 2516 universalem
762 2453 863 2535 potius
875 2504 881 2528 ,
895 2475 950 2536 per
965 2477 1057 2538 quam
1070 2461 1209 2524 enuntia-

214 2566 280 2631 tur,
299 2555 382 2617 nulla
401 2553 563 2616 affirmatio
585 2559 723 2614 constare
744 2553 857 2635 poterit
874 2562 961 2636 parte
982 2558 1118 2621 subruta.
1137 2561 1208 2643 Age

215 2657 312 2731 enim,
331 2653 521 2738 particularis
542 2652 583 2714 sit
605 2653 728 2735 negatio
749 2662 820 2728 tua,
841 2675 902 2717 non
927 2656 1024 2719 omnis
1047 2658 1209 2723 affirmatio

214 2763 352 2820 constare
365 2753 479 2837 poterit
492 2760 581 2835 parte
596 2753 732 2814 subruta.
751 2753 870 2815 Rursus
883 2756 1051 2836 assumptio
1066 2765 1135 2830 tua,
1150 2780 1208 2841 pa-

214 2857 262 2919 nis
271 2864 303 2920 et
313 2855 417 2919 vinum
429 2853 535 2917 altaris
546 2853 737 2916 solummodo
753 2861 825 2916 sunt
840 2862 1074 2930 sacramentum,
1090 2858 1138 2920 vel
1152 2880 1208 2940 pa-

214 2955 262 3021 nis
273 2964 305 3018 et
317 2955 421 3017 vinum
440 2952 545 3015 altaris
558 2952 748 3014 solummodo
762 2959 834 3015 sunt
849 2973 955 3015 verum
972 2953 1085 3016 Christi
1099 2978 1210 3039 corpus

214 3064 247 3119 et
260 3054 398 3140 sanguis,
415 3061 578 3135 utrumque
593 3051 756 3115 affirmatio
770 3062 827 3114 est.
840 3053 901 3115 His
917 3053 1034 3115 duabus
1049 3056 1210 3136 particula-

215 3157 297 3219 ribus
310 3152 561 3239 praecedcntibus,
575 3151 729 3233 poterisne
743 3151 921 3233 regulariter
935 3153 1122 3228 concludere,
1142 3178 1210 3237 par-

214 3264 245 3319 te
260 3256 384 3318 subruta
399 3273 436 3315 ea
450 3273 510 3314 non
525 3271 616 3333 posse
637 3250 797 3314 constaret
816 3250 920 3312 Absit.
940 3251 975 3312 ln
994 3251 1076 3314 nulla
1098 3255 1210 3338 quippe

215 3353 458 3439 syllogismorum
469 3352 578 3434 figura,
597 3350 837 3432 praecedentibus
851 3351 967 3413 duabus
980 3353 1210 3433 particularibus

215 3459 432 3535 consequenter
443 3449 570 3514 infertur
585 3449 735 3534 conclusio
748 3451 820 3512 ulla.
835 3450 918 3512 Male
933 3450 1025 3534 igitur
1036 3472 1104 3514 eam
1116 3454 1209 3516 collo-

215 3553 299 3616 casti.
318 3552 396 3615 Illud
411 3572 483 3614 vero
498 3548 701 3634 perfunctorie
712 3571 773 3612 non
787 3557 835 3612 est
849 3550 1107 3633 praetereundum,
1127 3557 1209 3636 quod

215 3651 346 3736 praefalae
356 3649 571 3736 propositionis
582 3656 642 3712 tuae
654 3649 817 3712 veritatem
833 3649 863 3710 in
879 3649 946 3730 ipsa
960 3651 1138 3714 aetemitatis
1152 3675 1207 3717 ve-

214 3751 320 3826 ritate,
338 3773 405 3835 quae
418 3752 504 3815 Deus
520 3757 582 3825 est,
597 3749 845 3812 indissolubiliter
859 3757 999 3812 constare
1010 3751 1205 3832 perhibuisti,

213 3851 305 3935 idque
323 3850 405 3914 beati
425 3849 591 3934 Augustini
611 3849 649 3910 de
670 3849 809 3912 doctrina
829 3847 1009 3924 christiana,
1028 3853 1209 3917 auctoritate

213 3951 349 4016 firmasti.
365 3954 409 4016 Et
419 3951 542 4034 quidem
553 3947 721 4032 propositio
735 3948 803 4031 ipsa
816 3969 889 4011 vera
905 3955 963 4027 est,
977 3970 1119 4032 veraque
1135 3972 1207 4034 pro-

213 4051 372 4134 positionis
383 4051 445 4113 vim
458 4071 513 4112 suo
524 4049 590 4112 loco
603 4049 703 4131 posita
719 4049 836 4112 obtinet
850 4069 858 4109 ι
876 4048 931 4110 sed
946 4055 981 4110 tu
992 4050 1072 4111 male
1086 4057 1118 4112 et
1131 4050 1208 4114 inef-

214 4149 345 4215 ficaciter
359 4170 427 4213 eam
442 4148 582 4232 posuisti.
598 4148 666 4210 Nec
685 4148 749 4233 ejus
770 4147 870 4231 magis
887 4168 978 4230 quam
994 4147 1127 4211 omnium
1143 4157 1208 4212 tam

214 4272 314 4314 rerum
324 4270 416 4334 quam
425 4250 551 4313 aliarum
563 4247 803 4330 propositionum
814 4247 939 4323 veritas,
953 4248 1034 4329 apud
1048 4248 1206 4311 veritatem

1052 4356 1060 4397 1
1071 4356 1079 4397 r
