3184 5442
296 732 361 792 274
677 748 705 785 o.
734 746 910 788 mrrnaucr

296 889 466 953 oculorum,
491 884 585 967 frigus
607 885 768 948 stridorem
790 886 939 949 dentium.
962 884 1088 957 Tertia,
1106 907 1233 948 vermes
1250 889 1300 948 inr-

296 987 455 1057 mortales,
466 987 514 1047 vel
526 996 684 1068 serpentes
693 996 725 1049 et
736 987 882 1049 dracones
894 987 963 1047 risu
975 994 1008 1047 et
1022 985 1118 1048 sibilo
1128 987 1297 1060 horribiles,

296 1090 347 1168 qui
362 1096 395 1149 ut
407 1087 508 1167 pisces
518 1086 550 1146 in
561 1107 656 1168 aqua,
671 1088 715 1149 ita
726 1087 833 1148 visunt
849 1086 879 1146 in
893 1083 1033 1149 flamma.
1054 1087 1200 1163 Quarta,
1216 1086 1300 1150 foetor

295 1185 503 1247 intolerabilis.
522 1185 657 1261 Quanta,
674 1184 772 1269 flagra
796 1184 996 1258 cadmum,
1013 1195 1049 1248 ut
1073 1185 1179 1248 mallei
1192 1185 1298 1250 ferrum

296 1284 538 1367 percutientium.
566 1285 690 1358 Sexta,
718 1286 849 1348 tenebrae
877 1284 1074 1366 palpabiles,
1105 1293 1143 1349 ut
1169 1287 1295 1350 dicitur:

299 1421 312 1435 ι
333 1386 428 1447 Terra
450 1385 664 1460 tenebrarum,
689 1385 738 1445 ubi
761 1384 862 1446 nullus
885 1384 981 1460 ordo,
1010 1386 1067 1447 sed
1098 1387 1298 1469 sempiternus

296 1487 399 1547 borror
420 1485 612 1546 inhabitat.»
636 1484 796 1567 Septima,
820 1482 958 1547 confusio
984 1493 1202 1565 peccatorum,
1231 1487 1296 1569 quia

295 1585 397 1647 omnia
415 1595 542 1666 peccata
563 1585 602 1647 ibi
622 1593 730 1666 patent
749 1585 905 1662 omnibuS,
926 1596 1009 1647 etse
1030 1587 1221 1650 abscondere
1243 1609 1295 1650 non

297 1683 409 1748 valent.
437 1684 575 1756 Octava,
599 1683 751 1746 horribilis
776 1684 854 1746 risio
879 1684 1052 1746 daemonum
1080 1696 1114 1749 et
1137 1687 1294 1750 draconum

297 1807 374 1868 quos
396 1785 466 1866 igne
487 1780 673 1847 scintillante
693 1785 816 1857 vident,
832 1792 864 1845 et
883 1784 1064 1848 miserabilis
1089 1787 1207 1849 clamor
1224 1785 1295 1849 tlen-

296 1887 373 1948 tium
388 1897 420 1946 et
432 1884 653 1946 insultantium.
672 1883 780 1959 Nona,
793 1892 865 1944 sunt
880 1883 971 1965 ignea
987 1884 1130 1960 vincula,
1146 1887 1254 1968 quibus
1268 1887 1295 1948 in

296 1986 426 2070 singulis
440 1985 585 2047 membris
597 1982 859 2067 constringuntur.

340 2088 382 2149 D.
408 2087 511 2164 Quare
532 2096 579 2147 tot
603 2084 742 2146 miserias
757 2083 930 2166 patiuntur!
946 2120 986 2131 -
1002 2085 1049 2146 M.
1069 2084 1153 2161 Quia
1176 2107 1293 2149 consor-

296 2188 372 2248 tium
388 2207 499 2248 norem
514 2185 651 2247 ordinum
664 2184 851 2266 Angelorum
862 2184 1080 2267 neglexerunt,
1092 2186 1177 2269 juste
1186 2207 1292 2249 novem

297 2286 457 2347 tormentis
466 2286 580 2348 addicti
590 2286 768 2347 moerebunt.
782 2287 824 2347 Et
836 2283 907 2366 quia
915 2285 945 2344 in
955 2285 1027 2366 igne
1042 2285 1294 2368 concupiscentia·

297 2405 362 2445 rum
379 2386 425 2445 bic
442 2396 621 2446 exarserunt
637 2437 643 2454 ,
665 2388 747 2468 juste
762 2385 803 2447 ibi
817 2384 848 2446 in
863 2385 932 2467 igne
947 2385 1111 2447 ardebunt.
1133 2385 1214 2462 Quia
1226 2405 1294 2446 vero

296 2483 405 2565 frigore
417 2484 539 2544 malitiae
553 2484 601 2545 hic
616 2485 781 2565 riguerunt.
791 2487 873 2571 juste
884 2485 925 2546 ibi
936 2485 1050 2566 poenali
1065 2483 1178 2568 frigore
1189 2485 1292 2549 stride-

296 2586 383 2645 bunt.
400 2583 549 2645 Dicuntur
563 2603 696 2664 namque
709 2585 842 2647 exterius
854 2585 923 2667 igne
934 2585 1081 2656 candere,
1094 2595 1132 2648 ut
1143 2584 1253 2648 ferrum
1266 2585 1293 2646 in

297 2683 417 2746 fornace
432 2707 440 2753 ;
454 2683 579 2744 interius
594 2681 721 2766 frigere,
736 2694 772 2748 ut
788 2685 901 2770 glacies
915 2685 946 2746 in
963 2684 1095 2769 hyeme,
1123 2694 1160 2748 ut
1170 2687 1289 2750 dicitur:

302 2815 315 2836 u
325 2783 510 2847 Transibunt
526 2784 565 2845 ab
580 2782 669 2865 aquis
679 2782 854 2856 nivium,ad
869 2783 1001 2847 calorem
1015 2784 1160 2848 nimium.
1171 2788 1213 2850 Et
1227 2787 1292 2868 qma

297 2885 451 2966 inridialet
460 2884 562 2946 odium
569 2884 617 2947 hic
626 2905 679 2946 eos
687 2891 722 2946 ut
735 2905 854 2946 verines
864 2893 1068 2954 corroserunt,
1081 2885 1194 2948 merito
1201 2885 1292 2948 eosibi

299 2974 418 3055 vermes
439 2986 630 3047 mordebunt.
645 2984 706 3062 Qui
721 2995 825 3047 autem
836 2984 886 3048 hic
901 2983 1011 3047 foetore
1025 2984 1160 3048 luxuriae
1176 2986 1294 3049 dulciter

298 3085 536 3155 delectabantur,
548 3086 630 3169 juste
645 3085 687 3146 ibi
697 3083 806 3148 foetore
818 3085 939 3168 putrido
955 3085 1100 3148 atrociter
1114 3087 1290 3150 cruciantur.

297 3188 340 3247 Et
351 3185 422 3267 quia
439 3185 488 3248 hic
500 3185 691 3266 disciplinam
710 3186 844 3268 recipere
859 3185 1040 3261 noluerunt,
1061 3195 1094 3249 et
1112 3207 1184 3249 cum
1202 3187 1294 3249 honri·

297 3287 385 3347 nibus
408 3283 553 3369 flagellari
580 3307 639 3347 non
666 3295 858 3357 meruerunt;
881 3285 922 3347 ibi
944 3285 1013 3348 ideo
1035 3286 1102 3348 sine
1130 3288 1295 3351 cessatione

299 3386 369 3447 loris
386 3387 563 3456 tunduntur,
579 3396 613 3449 ut
629 3386 755 3449 dicitur:
778 3419 790 3438 a
811 3387 891 3450 Sunt
908 3395 1018 3469 parata
1029 3387 1149 3471 judicia
1162 3388 1295 3470 blaspbe-

298 3486 481 3558 maioribus,
501 3496 533 3549 et
551 3483 756 3570 percutientes
772 3487 872 3550 mallei
889 3487 1052 3551 stultorum
1067 3487 1261 3569 corporibus.
1280 3518 1292 3540 ·

297 3585 377 3661 Quia
391 3588 532 3649 tenebras
548 3588 689 3651 vitiorum
706 3588 961 3660 memmerunt,
980 3596 1012 3650 et
1024 3588 1063 3649 ad
1076 3587 1177 3650 lucem
1190 3587 1295 3651 Cbn's-

297 3691 361 3744 tum
379 3685 481 3746 venire
502 3687 678 3763 noluerunt,
696 3687 764 3750 ideo
784 3689 912 3751 horridis
932 3688 1065 3751 tenebris
1087 3687 1129 3749 ibi
1151 3689 1294 3751 obscura-

295 3783 417 3853 buntur,
434 3792 468 3846 ut
489 3785 618 3848 dicitur:
644 3820 655 3836 ··
676 3788 712 3849 ln
737 3796 883 3851 aeternum
902 3809 961 3851 non
983 3786 1132 3850 videbunt
1144 3787 1260 3851 lucem.
1281 3821 1292 3839 n

295 3881 337 3942 Et
348 3882 419 3962 quia
435 3882 482 3943 hic
498 3896 625 3963 peccata
638 3887 772 3948 confiteri
793 3889 1013 3972 despexerunt,
1033 3908 1101 3970 quae
1121 3887 1223 3950 facere
1237 3910 1296 3951 non

295 3982 495 4051 erubuerunt;
515 3982 582 4044 ideo
594 3984 732 4049 omnibus
747 3988 788 4050 ibi
802 3991 873 4052 nudi
889 4000 920 4052 ct
936 3989 1033 4071 aperti
1048 3997 1200 4070 perpetuo
1220 4011 1293 4052 ion·

295 4081 467 4144 fundentur.
483 4082 563 4159 Quia
578 4081 625 4143 hic
642 4082 722 4147 bona
733 4089 838 4152 ridere
859 4101 890 4152 et
911 4089 1016 4151 audire
1031 4087 1291 4171 dedignabantur:

291 4185 373 4266 juste
391 4183 431 4244 ibi
452 4182 575 4245 terribili
594 4181 661 4243 risu
678 4192 709 4245 et
725 4187 885 4251 miserabili
902 4188 1006 4251 auditu
1025 4187 1234 4269 replebuntur.
1253 4190 1293 4249 Et

293 4285 365 4365 quia
378 4285 424 4347 hic
443 4306 495 4367 per
516 4282 634 4367 singula
649 4281 725 4347 vitia
746 4286 837 4351 deflui
853 4298 954 4358 erant;
973 4290 1055 4373 juste
1075 4287 1115 4348 ibi
1135 4298 1224 4350 erunt
1239 4309 1293 4370 per
