3184 5442
560 779 678 821 cmssa
702 779 733 820 m
758 778 807 820 ar.
834 776 876 817 Αυ
898 773 1009 817 eamr.
1246 754 1291 817 85

530 1113 577 1163 iv.
606 1112 642 1160 m
670 1111 769 1159 m1sr.
805 1113 850 1160 an
869 1107 1038 1176 camum.

731 1344 801 1385 CAP.
829 1344 852 1386 1.

338 1522 460 1585 Paulus
475 1545 537 1584 non
552 1519 592 1583 ab
606 1518 803 1596 hauriamus,
823 1518 952 1605 etc.]1n
967 1520 1035 1584 aliis
1049 1521 1196 1605 Epistolis
1215 1524 1291 1586 datu

293 1621 411 1696 salute,
428 1621 534 1684 statim
546 1620 653 1704 incipit
666 1642 687 1684 a
701 1618 870 1706 gratiarum
883 1619 1020 1684 actione:
1039 1620 1089 1685 hic
1102 1629 1205 1686 autem
1216 1642 1288 1694 non,

295 1739 398 1800 neque
413 1719 494 1781 enim
506 1718 584 1781 tales
597 1726 685 1781 erant
698 1769 705 1793 ,
718 1717 801 1781 unde
813 1717 966 1782 redderet.
992 1754 1034 1767 -
1058 1717 1132 1782 Non
1141 1719 1181 1782 ab
1192 1720 1293 1783 mmi-

298 1815 404 1903 raihtis.
417 1817 430 1902 ]
441 1816 574 1894 Quidam
592 1817 739 1899 putabant
751 1815 836 1879 illum
852 1837 914 1878 non
928 1837 997 1880 esse
1016 1816 1201 1901 Apostolum
1219 1819 1293 1884 mis·

298 1938 367 1979 sum
387 1938 406 1980 a
430 1915 568 1991 Christo,
591 1916 647 1978 sed
667 1917 706 1979 ab
730 1914 799 1978 aliis
818 1915 996 1998 Apostolis,
1014 1925 1070 1980 aut
1086 1919 1125 1982 ab
1145 1918 1291 1982 Ananis:

300 2018 358 2080 hoc
372 2018 520 2100 abnegat,
544 2021 579 2078 ut
595 2014 718 2100 majoris
730 2015 926 2079 auctoritatis
944 2014 985 2081 sit
999 2016 1082 2099 apud
1098 2000 1171 2090 eos,
1188 2017 1296 2100 quibus

297 2115 423 2179 verbum
435 2114 494 2178 Dei
506 2112 703 2197 praedicabat.
731 2148 770 2162 -
802 2113 1213 2202 stwfflrimini.]Gmaw
1223 2116 1289 2198 isti,

296 2236 368 2298 pars
387 2235 425 2278 ex
445 2213 583 2290 Judaeis,
610 2234 682 2296 pars
705 2234 743 2277 ex
766 2214 920 2279 Gentibus
945 2216 984 2278 ad
1007 2216 1099 2279 fidem
1120 2215 1234 2281 Christi
1256 2218 1295 2281 ab

294 2314 445 2398 Apostolo
477 2311 598 2376 fuerant
630 2313 802 2377 conversi:
835 2314 891 2378 sed
922 2323 994 2397 post
1026 2315 1194 2379 discessum
1228 2318 1295 2402 ejus

293 2422 441 2478 venerunt
462 2414 852 2497 pseudo-pmdicatores,
880 2413 932 2497 qui
959 2434 1013 2478 eos
1036 2414 1088 2498 qui
1110 2436 1150 2479 ex
1177 2415 1293 2479 Judaeis
1399 2422 1402 2427 '

293 2514 431 2577 conversi
460 2513 598 2587 fuerant,
622 2515 771 2598 cogebant
791 2513 980 2599 judaizare:
1008 2535 1062 2577 eos
1084 2534 1159 2577 vero
1178 2514 1232 2598 qui
1252 2535 1291 2577 ex

293 2613 444 2678 Gentibus
468 2614 508 2677 ad
534 2614 626 2677 fidem
650 2621 818 2689 venerant,
841 2611 992 2677 elementa
1015 2614 1119 2677 mundi
1140 2613 1289 2689 adorare,

294 2711 360 2776 dies
371 2719 404 2776 et
414 2733 511 2775 annos
520 2713 696 2776 observare.
722 2747 765 2761 -
777 2789 780 2794 Ι
791 2711 831 2773 In
845 2710 936 2774 aliud
944 2710 1183 2798 Evangelium.]
1192 2712 1295 2774 Evan-

294 2811 406 2896 gelium
427 2818 474 2874 est
486 2812 567 2874 bona
581 2810 788 2882 annuntiatio;
808 2810 985 2894 praedicatio
1006 2832 1080 2894 ergo
1099 2810 1220 2873 illoum
1233 2831 1295 2873 non

294 2921 361 2975 erat
373 2910 597 2995 Evangelium;
614 2912 687 2994 quia
699 2912 781 2974 bona
798 2910 994 2975 annuntiatio
1007 2931 1068 2972 non
1084 2916 1164 2972 erat.
1187 2909 1296 2974 Potest

296 3010 389 3072 etiam
403 3009 531 3094 intelligi
541 3010 624 3073 aliud
634 3009 839 3092 Evangelium
852 3060 858 3084 ‚
873 3008 1047 3073 observatio
1059 3007 1196 3071 Judaicoe
1207 3007 1292 3091 legis,

298 3129 365 3191 quae
389 3109 429 3172 ab
450 3108 620 3193 Evangelio
639 3107 755 3172 Christi
773 3128 835 3170 non
859 3107 1032 3180 discordat,
1052 3105 1079 3168 si
1100 3126 1137 3186 sp
1149 3103 1296 3171 ritualiter

297 3207 506 3291 intelligatur:
530 3208 588 3271 hoc
607 3216 661 3271 est
678 3206 761 3269 enim
780 3207 864 3288 quod
883 3206 951 3270 ait:
974 3227 1037 3267 non
1054 3212 1120 3266 sint
1132 3203 1246 3290 aliqui,
1263 3205 1295 3271 id

298 3315 364 3384 est,
379 3328 439 3370 non
450 3307 563 3371 desunt
573 3305 617 3370 illi
632 3307 686 3390 qui
705 3304 917 3370 carnaliteret
936 3325 1080 3389 perverse
1102 3324 1171 3367 eam
1184 3303 1294 3368 intelli-

296 3414 385 3492 gunt.
412 3443 452 3456 -
476 3405 579 3469 Aliud
599 3403 850 3491 Evangelium.]
870 3404 1073 3490 Evangelium
1094 3425 1155 3468 non
1174 3412 1223 3468 est
1243 3405 1292 3469 di-

296 3528 419 3571 versum
446 3505 576 3569 nisibis
600 3505 653 3590 qui
676 3503 875 3588 spiritualiter
902 3504 1070 3588 intelligere
1096 3505 1211 3570 nolunt.
1232 3506 1293 3571 Vel

296 3607 369 3672 illud
380 3628 440 3670 non
452 3613 501 3670 est
514 3605 735 3690 Evangelium,
757 3604 818 3668 nisi
836 3605 896 3669 illis
916 3604 970 3689 qui
990 3626 1045 3668 vos
1066 3604 1242 3689 decipiunt:
1260 3615 1293 3671 et

295 3707 338 3770 illi
359 3707 438 3771 tales
461 3705 802 3770 anathematizarentur.
829 3704 870 3769 Et
894 3705 953 3768 hoc
978 3726 1039 3767 non
1061 3703 1151 3779 dicit,
1180 3706 1234 3769 sed
1256 3714 1293 3770 ut

296 3813 477 3891 exaggeret,
489 3804 627 3889 apponit.
656 3839 695 3852 -
719 3802 818 3865 Modo
828 3812 911 3867 enim
921 3796 1109 3867 hominibus.
1122 3801 1239 3888 ]Quasi
1247 3804 1292 3866 di-

297 3914 398 3969 cerei:
412 3906 484 3970 Non
496 3905 648 3969 adrrlando
659 3904 784 3987 loquor,
800 3909 837 3967 ut
857 3904 996 3987 placeam
1009 3901 1098 3966 vobis
1117 3903 1172 3966 sed
1191 3903 1291 3968 incre·

298 4004 400 4086 pando
411 4003 567 4067 levitatem
576 4011 723 4078 vestram,
737 4009 773 4066 ut
783 4001 922 4086 placeam
931 4003 1012 4067 Deo.
1039 3998 1078 4050 ’-
1105 3999 1291 4063 Hominibus

298 4101 417 4179 suadeo
442 4124 486 4163 an
507 4100 627 4187 Deci]
644 4100 770 4166 Diceret
794 4101 865 4184 quis
887 4122 941 4167 cur
961 4100 1006 4164 ita
1028 4098 1287 4164 anathematizasi

297 4202 387 4279 ideo,
404 4201 518 4285 inquit,
529 4207 566 4264 ut
575 4202 720 4266 suadeam
732 4220 783 4263 me
791 4221 853 4265 non
864 4222 932 4266 esse
943 4199 1125 4283 participem
1137 4247 1145 4272 ,
1159 4198 1208 4260 vel
1220 4216 1290 4279 per-

297 4323 453 4367 suasorem
465 4300 713 4376 circumcisionis,
730 4306 767 4362 ut
777 4298 1048 4385 pseudo-apostoli.
1063 4296 1121 4361 Vel
1135 4295 1203 4359 ideo
1215 4313 1295 4358 ana-
