3184 5442
398 723 462 785 142
778 742 807 782 o.
835 741 1008 783 muranum

398 884 490 947 modo
503 881 616 947 inimici
633 882 699 968 ejus
720 883 751 945 in
774 881 824 944 die
839 880 963 967 judicii,
981 882 1055 964 quia
1072 882 1113 945 ad
1132 882 1295 966 imperium
1310 885 1390 969 ejus,

361 1014 366 1024 ·
397 992 451 1048 aut
465 982 605 1047 conversi
615 983 703 1046 ibunt
713 982 745 1045 in
760 981 857 1045 vitam
869 989 1026 1062 aternam,
1037 989 1093 1047 aut
1102 982 1274 1065 pertinaces
1285 1005 1395 1067 perpe

398 1093 482 1148 tuam
493 1083 647 1166 patientur
660 1081 843 1166 gehennam.
869 1117 914 1130 -
939 1079 1152 1146 contestatur.
1165 1081 1177 1168 ]
1190 1083 1228 1146 Id
1242 1089 1301 1159 est,
1318 1104 1394 1148 oon·

397 1185 498 1248 firmat
510 1185 606 1246 verba
620 1191 743 1260 nostra,
764 1183 875 1266 quibus
893 1183 1057 1249 asserimus
1071 1205 1133 1247 una
1149 1183 1302 1246 oblatione
1322 1203 1392 1267 eor:

397 1283 480 1367 poris
489 1282 603 1348 Christi
611 1283 1086 1367 peccatapenitusessedimissa.
1112 1319 1156 1333 -
1177 1281 1394 1368 heimramm]

397 1383 560 1447 introitum
570 1389 662 1447 vocat
676 1382 803 1458 coelum,
818 1404 878 1466 quo
893 1383 990 1448 sancti
1004 1383 1144 1447 intraturi
1156 1391 1227 1447 sunt
1241 1383 1394 1466 redempti

397 1483 542 1567 sanguine
553 1481 678 1546 Christi.
705 1518 746 1531 -
774 1480 878 1566 Quom
890 1489 1040 1545 initiavit.
1052 1481 1064 1568 ]
1075 1483 1173 1548 Ordo.
1191 1483 1293 1562 Quam
1306 1483 1392 1547 viam

397 1604 524 1659 novam,
543 1582 614 1666 quia
632 1581 733 1645 nullus
751 1581 908 1646 hominum
924 1589 997 1646 ante
1010 1582 1095 1645 illum
1109 1583 1219 1647 ooelum
1232 1582 1390 1656 ascendit,

398 1691 430 1747 et
443 1682 615 1756 viventem,
629 1680 662 1744 id
675 1687 740 1757 est,
756 1702 818 1744 non
828 1681 1037 1754 deficientem.
1055 1688 1305 1765 permanentem,
1318 1680 1393 1765 quia

398 1803 495 1866 usque
508 1783 548 1846 ad
562 1783 653 1845 finem
664 1781 765 1846 saeculi
775 1801 938 1846 aseensura
948 1789 1020 1845 sunt
1029 1783 1166 1845 membra
1181 1782 1246 1867 ejus
1260 1803 1267 1843 :
1284 1780 1392 1844 initia-

397 1883 444 1948 vit
458 1882 544 1947 nobis
558 1881 713 1956 Christus,
729 1882 763 1945 id
775 1889 838 1956 est,
855 1880 969 1964 incepit
979 1881 1028 1944 vel
1040 1879 1206 1946 dedicavit.
1231 1917 1275 1930 -·
1298 1881 1390 1944 Invi-

399 2005 477 2045 cem.
490 1981 502 2068 ]
516 1982 607 2046 Alter
619 1981 789 2045 consideret
800 1980 874 2064 quid
886 1980 958 2043 boni
970 1980 1048 2044 alter
1060 1980 1170 2058 faciat,
1185 2002 1246 2044 non
1259 1987 1296 2044 ut
1308 1980 1392 2045 invi·

398 2085 487 2158 deat,
509 2083 565 2146 sed
583 2089 619 2146 ut
638 2081 813 2164 exemplum
832 2082 944 2144 bonum
965 2081 1037 2144 inde
1053 2089 1167 2146 sumat.
1194 2117 1235 2130 -
1263 2079 1392 2165 Quanto

398 2183 560 2245 videritis.
587 2218 627 2230 -
650 2181 743 2245 Diem
754 2180 828 2245 dicit
838 2182 888 2244 vel
896 2189 1068 2246 extremum
1075 2181 1257 2268 judicii‚vel
1268 2188 1391 2266 tempo-

398 2283 471 2346 ralis
481 2279 663 2346 afflictionis.
689 2315 733 2328 -
761 2278 959 2344 Voluntaria.
972 2279 984 2367 ]
997 2280 1132 2346 Causam
1142 2280 1306 2345 redditour
1317 2281 1392 2345 oha-

399 2382 474 2444 ritas
487 2382 528 2444 sit
538 2380 686 2453 tenenda,
702 2386 735 2442 et
752 2399 771 2441 a
785 2379 874 2442 malis
888 2379 929 2442 sit
942 2381 1136 2454 cessandum
1151 2381 1224 2445 dum
1238 2381 1320 2444 enim
1332 2401 1391 2444 vo·

399 2480 500 2542 luntas
513 2476 658 2560 peccandi
673 2476 764 2541 estin
777 2476 881 2552 nobis,
894 2477 968 2540 nihil
979 2481 1104 2561 prodest
1119 2479 1219 2544 hostia
1232 2478 1393 2544 immolata

399 2599 454 2663 pro
466 2576 731 2661 peccatisnostris.
760 2612 801 2625 -
828 2576 942 2639 Filium
954 2578 1026 2642 Dei.
1039 2578 1051 2665 ]
1063 2579 1204 2644 Gratiam
1218 2579 1271 2642 filii
1285 2578 1346 2643 Dei
1359 2579 1392 2643 in

399 2678 564 2762 semetipso
577 2678 745 2752 conculcat,
759 2684 791 2742 et
805 2678 983 2762 sanguinem
997 2679 1214 2762 redemptionis
1226 2679 1388 2763 polum,

400 2780 431 2843 id
445 2785 517 2853 est,
537 2785 663 2860 peooata
680 2797 812 2862 purgare
832 2798 893 2840 non
914 2778 1069 2841 valentem
1088 2785 1193 2861 putat;
1212 2784 1244 2842 et
1262 2778 1391 2862 Spiritui

400 2885 517 2954 sancto,
534 2898 589 2962 per
600 2898 691 2961 quem
706 2878 861 2943 confitenti
870 2885 998 2962 peccata
1007 2879 1214 2954 remittimtur,
1231 2886 1390 2944 oontume-

398 2979 472 3043 liam
492 2979 582 3053 facit,
610 2978 663 3062 qui
683 2978 854 3042 voluntarie
873 2979 905 3041 in
924 2979 1058 3062 peooatis
1076 2981 1171 3065 jaoet.
1199 3016 1239 3028 -
1264 2979 1391 3042 Scimus

400 3078 520 3166 enim]
539 3078 735 3162 Superiorem
750 3077 935 3142 sententiam
951 3079 1061 3162 probat
1077 3102 1084 3141 :
1106 3078 1271 3143 Terribilis
1286 3093 1391 3151 autem

400 3180 566 3267 quaedam,
596 3190 655 3241 eto.
683 3216 725 3227 -
752 3178 953 3241 Passionum.
976 3176 988 3263 ]
1011 3178 1174 3243 Passiones
1198 3187 1392 3245 certaverunt

400 3288 505 3344 contra
511 3300 576 3355 eos,
585 3286 620 3342 ut
629 3278 810 3362 patientiam
819 3278 878 3362 ipsi
889 3278 1076 3354 amitterent,
1090 3286 1121 3344 et
1127 3280 1219 3343 fidem
1228 3287 1388 3366 negarent.
1403 3333 1406 3338 ⁴

402 3415 441 3428 -
466 3381 631 3441 Amittere.
645 3376 657 3461 ]
669 3378 890 3443 confidentiam
910 3378 1019 3442 divinae
1035 3378 1241 3444 retributionis
1257 3379 1389 3454 amittit,

399 3477 451 3559 qui
469 3477 582 3540 bonum
596 3475 709 3540 deserit
722 3483 754 3539 et
767 3476 881 3541 malum
893 3476 976 3542 facit.
1002 3515 1047 3526 -
1069 3477 1265 3564 Patientia]
1280 3479 1394 3544 Osten-

399 3575 445 3639 dit
457 3574 608 3659 quomodo
622 3594 683 3637 non
697 3572 848 3638 amittitur
859 3577 1040 3642 confidentia
1053 3603 1060 3643 ;
1074 3578 1113 3640 In
1122 3585 1285 3664 patientta
1293 3579 1387 3654 enim

399 3673 508 3756 inquit,
522 3673 726 3759 possidebitis
739 3682 865 3736 animas
880 3689 1018 3739 vestras.

796 3994 802 4002 ·
819 3982 889 4024 CAP.
915 3983 960 4026 XI.

441 4158 503 4220 Est
519 4170 623 4218 autem
636 4158 727 4228 (ides.
742 4159 753 4245 ]
768 4158 852 4222 Talis
869 4144 960 4224 debet
978 4181 1045 4225 esse
1064 4163 1155 4237 tides,
1169 4170 1205 4226 ut
1223 4163 1391 4245 sperandas

397 4278 446 4321 res
462 4258 494 4321 in
513 4259 602 4323 corde
622 4258 773 4323 credentis
789 4257 882 4325 faciat
899 4262 1080 4342 subsistere,
1099 4262 1159 4326 etsi
1177 4262 1254 4327 alius
1271 4262 1391 4326 dubitet
