3184 5442
555 758 759 802 surcmnmuu
783 761 849 803 srva
873 748 1029 804 nrauocus'.
1224 749 1291 811 249

343 901 395 964 12.
426 900 589 986 Quomodo
604 901 688 962 Dens
700 909 734 961 tn
745 913 891 987 quartam
903 910 1140 987 generationem
1154 919 1288 988 peecata

292 1006 397 1089 punit.
864 1051 877 1064 ,,

340 1103 387 1165 Μ.
411 1101 498 1165 Deus
516 1100 546 1163 in
565 1101 665 1184 prima
683 1101 878 1183 generatione
896 1111 1023 1183 peccata
1040 1102 1197 1178 retribuit,
1216 1105 1288 1167 dum

296 1209 457 1285 peccantes
481 1222 536 1284 pro
560 1199 691 1264 naturali
704 1201 771 1284 lege
786 1207 890 1283 spreta
903 1200 1016 1264 diluvio
1034 1202 1159 1266 delevit.
1185 1205 1218 1266 In
1240 1225 1289 1267 se-

296 1303 395 1365 cunda
403 1301 598 1386 generatione
611 1300 740 1384 punivit,
748 1300 820 1362 dum
833 1299 1044 1383 delinquentes
1057 1322 1113 1384 pro
1120 1301 1289 1366 idololatria

296 1403 373 1465 mari
386 1403 492 1464 Rubro
512 1401 621 1464 obruit.
651 1401 685 1463 In
706 1399 799 1462 tertia
819 1401 1013 1484 generatione
1033 1410 1194 1482 peccantes
1210 1404 1289 1466 mul-

296 1501 389 1576 tavit,
409 1501 480 1563 dum
496 1521 548 1563 eos
561 1520 616 1582 pro
631 1506 821 1582 transgressa
840 1499 908 1584 lege
922 1501 1037 1584 scripta
1050 1500 1128 1564 bello
1142 1502 1288 1565 extermi-
1306 1549 1314 1560 .

293 1599 388 1663 navit.
411 1601 446 1662 In
464 1606 574 1682 quarta
588 1598 783 1682 generatione
798 1607 924 1681 peccata
940 1599 1122 1675 vindicabit,
1141 1601 1213 1664 dum
1233 1622 1289 1684 pro

294 1701 439 1782 despecto
460 1699 628 1783 Evangelio
645 1705 884 1780 contemptorem
897 1705 1051 1762 extremus
1070 1699 1148 1782 ignis
1160 1701 1290 1764 devora-

294 1800 350 1863 bit.
372 1797 521 1876 Quamvis
534 1819 615 1881 saepe
629 1818 684 1881 pro
701 1798 834 1880 peccatis
845 1805 1007 1880 parentum
1018 1798 1071 1860 filii
1082 1799 1112 1860 in
1127 1821 1183 1862 sua
1197 1800 1290 1885 injus·

295 1899 364 1964 titia
373 1901 456 1984 juste
478 1899 665 1973 deserantur,
684 1890 765 1961 utet
782 1897 832 1961 hic
848 1904 880 1961 et
895 1897 937 1960 ibi
961 1899 1136 1980 puniantur.
1151 1899 1290 1978 Quatuor

294 2019 416 2082 quoque
445 2019 556 2082 genera
581 2006 652 2061 sunt
675 1998 843 2080 peccandi,
869 1996 1029 2080 cogitatio,
1055 1999 1185 2071 locutio,
1214 2020 1287 2082 ope·

295 2100 389 2172 ratio,
404 2098 433 2160 in
447 2098 534 2161 malis
549 2097 766 2180 perseveratio
784 2098 820 2159 ln
834 2096 925 2160 tertia
937 2118 1009 2182 ergo
1025 2105 1057 2161 et
1070 2105 1180 2180 quarta
1194 2120 1287 2184 gene-

294 2199 427 2270 ratione,
443 2198 528 2260 Deus
541 2204 701 2279 peccatum
714 2196 855 2260 retribuit
868 2248 874 2270 ,
888 2197 961 2260 dum
975 2218 1031 2280 pro
1052 2197 1141 2260 sactis
1154 2198 1185 2260 in
1201 2198 1289 2262 malis

294 2297 609 2381 perdurantes-punit.
815 2371 819 2375 ὁ

337 2399 379 2461 D.
405 2396 484 2460 Cum
506 2417 575 2460 caro
596 2402 717 2459 tantum
736 2397 774 2460 ab
789 2396 893 2460 Adam
910 2405 1093 2473 assumatur,
1109 2398 1210 2461 anima
1230 2420 1286 2461 au-

294 2507 357 2561 tem
377 2497 478 2561 aDeo
499 2496 668 2568 tribuatur;
687 2495 796 2558 mirum
812 2503 860 2559 est
879 2498 1032 2580 quomodo
1041 2499 1122 2583 juste
1133 2499 1172 2560 ab
1187 2497 1289 2561 anima

294 2597 426 2681 exigitur
439 2597 521 2678 quod
540 2616 596 2679 per
612 2616 734 2659 carnem
748 2595 946 2659 contrahitur.
963 2633 1002 2644 -
1016 2598 1061 2660 Μ.
1077 2598 1148 2659 Non
1162 2605 1237 2678 puto
1257 2604 1288 2660 te

293 2697 339 2759 ita
356 2695 513 2778 desipere,
531 2702 567 2758 ut
581 2695 735 2759 arbitreris
752 2715 872 2758 carnem
890 2697 1005 2779 absque
1019 2695 1122 2757 anima
1136 2695 1288 2757 bominem

294 2815 378 2859 esse:
408 2795 509 2859 ariima
533 2793 646 2877 quippe
672 2794 711 2856 ad
734 2794 791 2856 boc
813 2794 922 2866 datur,
949 2799 984 2855 ut
1010 2813 1080 2856 caro
1105 2793 1284 2856 vivificetur.

293 2895 403 2978 ltaque
426 2902 497 2958 ante
515 2901 672 2976 acceptam
687 2893 822 2956 animam
838 2893 912 2954 nihil
933 2914 952 2955 a
967 2913 1057 2955 caure
1071 2890 1217 2976 exigitur,
1232 2913 1289 2955 nec

294 2996 333 3059 ab
352 2995 454 3058 anima
465 3001 537 3058 ante
546 2995 788 3080 conjunctionem
809 2992 908 3057 carnis
924 2992 1085 3076 quicquam
1107 2991 1285 3073 exquiritur,

294 3094 464 3178 prasertim
483 3115 551 3157 cum
562 3094 592 3156 in
603 3094 717 3157 semine
726 3093 866 3156 humanae
877 3091 1081 3174 conceptionis
1090 3091 1174 3154 nulla
1187 3091 1285 3174 culpa,

296 3194 375 3258 sicut
389 3215 445 3258 nec
459 3193 490 3255 in
510 3194 656 3278 sanguine
679 3193 727 3256 vel
748 3194 779 3255 in
803 3199 893 3275 sputo
914 3213 982 3255 esse
1001 3192 1233 3273 comprobetur;
1258 3196 1290 3252 et

295 3292 399 3357 anima
418 3292 595 3357 innocense
616 3293 684 3357 Deo
708 3298 837 3355 creetur.
854 3292 961 3366 Porro,
978 3290 1086 3353 animae
1107 3296 1138 3352 et
1157 3287 1290 3371 corporis

296 3394 387 3456 bomo
410 3393 531 3467 dicitur,
550 3399 581 3456 et
602 3395 640 3456 ob
665 3393 722 3456 boc
747 3393 881 3456 debitum
904 3392 983 3455 Adae
1000 3393 1082 3477 juste
1097 3390 1240 3474 exigitur,
1258 3397 1290 3451 et

296 3493 367 3576 quia
382 3493 414 3555 in
427 3493 636 3575 iniquitatibus
650 3493 828 3577 concipitur,
847 3492 878 3554 in
892 3491 1041 3577 injustitia
1054 3489 1198 3569 nascitur,
1217 3509 1287 3552 reus

293 3593 377 3677 justo
391 3591 481 3676 judici
496 3593 650 3655 statuitur.

340 3692 382 3754 D.
408 3691 567 3768 Quomodo
585 3691 616 3753 in
630 3690 789 3773 iniquitate
812 3688 996 3772 concipitur?
1011 3725 1051 3736 —
1067 3687 1111 3750 M.
1128 3688 1163 3750 In
1178 3709 1288 3753 concu-

297 3790 458 3873 piscentia:
475 3791 572 3853 omnis
592 3812 725 3875 namque
739 3792 831 3854 homo
851 3792 956 3855 debuit
970 3791 1036 3855 sine
1049 3790 1291 3872 concupiscentia

297 3909 459 3971 generare,
480 3890 560 3953 sicut
583 3911 692 3953 manus
712 3890 815 3953 manui
832 3891 970 3976 jungitur
992 3889 1057 3952 sine
1077 3887 1288 3951 delectatione.

297 3986 359 4050 Sed
371 3987 442 4068 quia
456 3989 571 4070 primus
585 3989 676 4052 homo
688 3989 834 4073 ajustitia
849 3988 979 4053 naturali
991 3987 1115 4053 recessit
1128 4037 1134 4058 ‚
1151 3994 1183 4049 et
1194 3985 1289 4049 inter-

298 4084 410 4149 dictum
431 4087 620 4171 concupivit:
644 4109 717 4150 mox
736 4089 980 4172 concupiscentia
998 4107 1067 4149 eum
1089 4105 1209 4148 servum
1234 4084 1292 4147 sibi

298 4185 433 4269 subegit,
449 4195 480 4251 et
492 4188 590 4271 ipsum
602 4210 766 4271 omnesque
778 4197 917 4271 posteros
926 4209 998 4252 suos
1008 4187 1038 4248 in
1050 4183 1290 4267 concupiscentia

297 4303 441 4364 generare
455 4287 564 4371 coegit.
588 4289 684 4372 Igitur
701 4289 799 4352 onmis
815 4289 865 4371 qui
882 4289 913 4349 in
934 4285 1175 4367 concupiscentia
1189 4281 1289 4344 conci-
