3184 5442
296 717 359 778 lau
642 705 645 712 ¹
671 737 700 776 n.
728 735 899 777 1111111111

294 877 357 941 hacc
371 899 491 961 quoque
500 878 672 959 specialiter
684 879 910 950 damnarentur,
924 897 980 938 nec
994 876 1024 938 in
1035 875 1173 939 Ecclesia
1185 877 1289 940 catho-

293 978 549 1042 licaacatholicis
560 979 734 1043 solemniter
744 979 928 1063 legerentur.
1030 978 1036 982 ’

337 1286 393 1349 20.
419 1288 577 1350 Adversus
607 1294 725 1350 tantam
752 1285 921 1348 divinarum
947 1283 1162 1347 auctoritatum
1190 1284 1288 1347 lucem

294 1387 469 1468 quaestionis
478 1388 636 1471 caliginem
646 1408 799 1472 opponere
808 1408 868 1448 non
877 1385 1010 1459 desistis,
1019 1384 1139 1448 dicens:
1152 1384 1244 1462 Quod
1256 1391 1290 1447 tu

294 1505 399 1549 verum
415 1486 530 1551 Christi
544 1509 653 1572 corpus
668 1509 736 1550 esse
750 1485 880 1560 asseris,
894 1485 926 1546 in
947 1484 1041 1548 sacris
1061 1483 1169 1547 litteris
1182 1483 1289 1566 appel-

295 1581 374 1646 latur
399 1586 535 1669 species,
562 1587 743 1661 similitudo,
767 1587 887 1670 figura,
917 1583 1058 1666 signum,
1085 1582 1286 1668 mysterium,

294 1697 529 1751 sacramentum.
544 1690 621 1751 Haec
633 1695 735 1752 autem
751 1686 900 1750 vocabula
915 1686 955 1748 ad
969 1683 1084 1767 aliquid
1098 1691 1180 1746 sunt.
1194 1683 1291 1747 Nulla

294 1780 367 1851 vero'
382 1808 449 1870 quae
464 1789 505 1851 ad
522 1788 637 1872 ahquid
651 1786 840 1860 referuntur;
855 1792 984 1869 possunt
1002 1805 1068 1847 esse
1077 1784 1109 1846 id
1120 1783 1204 1866 quod
1218 1797 1291 1848 sunt

295 1907 347 1962 ea,
361 1888 400 1949 ad
412 1910 480 1971 quae
492 1887 670 1952 referuntur.
690 1888 762 1952 Non
778 1894 826 1950 est
837 1885 929 1969 igitur
941 1905 1051 1966 corpus
1075 1882 1201 1947 Christi.
1218 1884 1291 1946 Hoc

295 1985 375 2049 enim
391 1988 422 2049 in
443 1989 576 2071 quodam
591 1989 703 2071 scripto
719 1994 773 2051 tuo
786 1984 914 2049 diversis
928 2036 934 2059 ,
948 2004 984 2046 ac
998 1981 1210 2066 prolixioribus
1219 2004 1289 2046 var-

295 2086 361 2158 bis,
385 2089 512 2151 sednon
529 2096 648 2153 mutata
672 2086 823 2152 sententia
842 2084 938 2168 reperi
951 2108 959 2157 ;
975 2085 1032 2147 hoc
1046 2082 1182 2168 garriunt
1197 2083 1290 2147 disci·
1307 2088 1310 2092 '

295 2187 377 2267 puli,
402 2197 494 2271 atque
512 2209 659 2271 sequaces
675 2188 740 2264 tui,
762 2188 958 2249 subversores
976 2183 1096 2266 quidem
1114 2182 1244 2245 aliorum
1259 2192 1292 2247 et

294 2285 353 2368 ipsi
372 2309 464 2362 auro,
485 2296 517 2351 et
526 2296 668 2371 argento,
684 2297 854 2370 caeteraque
865 2283 994 2368 pecunia
1003 2292 1056 2346 tua
1067 2303 1086 2345 a
1096 2289 1128 2345 te
1139 2275 1288 2358 subversi,

295 2395 441 2460 errantes,
450 2394 481 2450 et
488 2386 565 2449 alios
576 2387 606 2448 in
617 2407 749 2449 errorem
761 2386 920 2449 mittentes
929 2405 990 2469 non
999 2382 1202 2466 intelligentes
1212 2382 1292 2447 sicut

294 2484 367 2547 dicit
381 2485 560 2567 Apostolus,
572 2507 670 2569 neque
680 2507 747 2569 quaa
758 2487 1036 2569 loquuntur‚neque
1046 2481 1086 2544 de
1095 2482 1204 2565 quibus
1213 2481 1292 2545 affir-

293 2591 390 2647 mant.
398 2585 513 2648 Verum
522 2586 728 2651 hisvocabulis
739 2587 770 2650 in
782 2587 863 2649 nullo
869 2584 1072 2668 praescribitur
1082 2582 1152 2645 fidei
1158 2603 1221 2666 qua
1228 2604 1292 2646 cre

294 2678 1164 2770 dimus,etveritatiquamdefendimusSpeciesnamque,
1174 2682 1293 2746 etsimi-

294 2784 390 2848 litudo
402 2785 520 2849 illarum
532 2808 631 2850 rerum
647 2787 794 2850 vocabula
810 2793 893 2863 sunt,
907 2805 975 2867 quae
986 2773 1058 2846 ante
1068 2781 1201 2857 fuerumt,
1212 2788 1244 2845 et
1254 2803 1294 2845 ex

296 2887 406 2968 quibus
421 2908 529 2970 corpus
545 2888 659 2952 Christi
680 2887 865 2972 sanguisque
884 2883 1050 2948 conficitur.
1069 2884 1185 2948 Panem
1200 2881 1290 2957 dico,

295 3007 330 3049 ac
350 2987 471 3064 vinum,
484 2989 564 3051 unde
578 2989 609 3050 in
624 2989 684 3051 fine
704 2987 862 3072 cujusdam
877 2984 977 3047 missae
989 2990 1104 3058 oratur,
1117 2990 1149 3046 et
1159 2981 1290 3045 dicitur:

299 3116 311 3138 ιι
330 3087 493 3152 Perficiant
506 3088 537 3150 in
551 3088 637 3152 nobis
650 3139 656 3161 ‚
669 3087 817 3159 Domine,
831 3105 1005 3171 quaesumus
1018 3091 1073 3147 tua
1087 3090 1292 3154 sacramenta.

295 3187 377 3269 quod
394 3187 549 3252 continent
565 3240 571 3261 ,
590 3196 626 3252 ut
640 3208 707 3270 quae
723 3206 802 3249 nunc
816 3184 917 3268 specie
931 3183 1064 3266 gerimus
1076 3234 1083 3257 ,
1096 3203 1198 3244 rerum
1211 3173 1295 3244 veriss

214 3365 216 3367 g
295 3295 359 3351 tate
371 3288 537 3372 capiamus.
550 3318 563 3342 «
575 3288 715 3353 Postulat
722 3287 835 3371 quippe
847 3285 1001 3357 sacerdos,
1011 3291 1046 3347 ut
1057 3303 1167 3366 corpus
1179 3283 1296 3346 Christi

295 3388 377 3468 quod
389 3390 445 3450 sub
461 3388 561 3470 specie
575 3388 684 3470 panis,
699 3388 823 3470 vinique
834 3384 948 3469 geritur
960 3407 967 3457 ;
982 3382 1144 3446 manifesta
1154 3380 1291 3455 visione,

294 3486 383 3549 sicuti
406 3507 513 3548 revera
535 3494 597 3556 est,
618 3487 801 3569 quandoque
826 3484 974 3569 capiatur.
992 3483 1117 3547 Veritas
1135 3481 1218 3544 enim
1235 3503 1293 3565 pro

295 3581 539 3647 manifestatione
562 3583 594 3645 in
616 3585 709 3647 sacris
734 3606 815 3668 saepe
838 3585 949 3647 litteris
973 3582 1131 3666 reperitur.
1157 3582 1208 3645 De
1232 3602 1296 3664 qua

294 3681 456 3745 manifesta
475 3682 591 3745 visione
613 3683 762 3746 Dominus
776 3685 808 3746 in
828 3683 997 3768 Evangelio
1011 3682 1176 3746 secundum
1191 3682 1293 3743 Joan-

293 3802 363 3843 nem
380 3781 534 3864 discipulis
548 3781 643 3845 dicit:
668 3812 679 3833 u
699 3782 760 3860 Qui
784 3792 887 3847 autern
910 3782 1009 3868 diligit
1028 3803 1094 3855 me,
1117 3780 1295 3864 diligetura

293 3883 386 3944 Patre
402 3902 481 3971 meo.
505 3883 548 3945 Et
562 3903 619 3966 ego
635 3881 758 3966 diligam
779 3904 868 3956 eum;
884 3890 916 3946 et
931 3881 1133 3946 manifestabo
1148 3881 1177 3943 ei
1190 3880 1293 3963 meip-

294 4003 372 4044 sum.
400 4011 412 4034 n
436 3982 479 4045 Et
503 3982 606 4046 David
625 3981 656 4044 in
671 4003 802 4065 persona
815 3983 876 4048 Dei
898 3983 1020 4047 Patris:
1043 4012 1055 4033 u
1085 3979 1293 4064 Longitudine

293 4081 409 4143 dierum
436 4081 557 4164 replebo
577 4103 669 4158 eum,
691 4091 723 4146 et
738 4084 897 4146 ostendam
921 4082 965 4146 illi
988 4082 1122 4144 salutare
1136 4101 1251 4143 meum.
1274 4112 1287 4133 n

294 4179 442 4259 Quamvis
458 4202 517 4243 non
534 4181 772 4264 improbabiliter
794 4182 917 4265 quidam
934 4187 1090 4270 exponant
1104 4179 1162 4242 hoc
1176 4181 1207 4241 in
1223 4179 1290 4242 loco

294 4303 360 4345 esse
376 4281 473 4344 carnis
493 4303 529 4344 ac
544 4282 697 4365 sanguinis
715 4282 894 4356 veritatem,
911 4281 1009 4363 ipsam
1026 4280 1200 4343 eorumdem
1222 4278 1289 4342 affi-
