3184 5442
311 698 375 759 306
691 715 719 756 n.
746 717 920 759 cnnnnnncr

311 876 406 930 mum,
422 857 452 918 id
464 863 521 930 est,
542 855 770 930 confessionem,
791 860 980 941 quantumin
994 859 1057 940 ipso
1075 865 1133 935 est,
1152 859 1297 932 destnrit;

310 977 366 1018 nec
377 956 525 1019 unitatem
542 956 732 1020 conscientiae
749 958 891 1031 custodit,
910 979 965 1020 nec
980 959 1078 1020 Deum
1095 959 1125 1019 in
1146 959 1208 1020 suis
1219 959 1299 1043 judi-

295 1055 364 1118 'oiis
376 1055 552 1118 convenisse
563 1061 696 1117 veretur.
711 1057 746 1119 In
762 1057 911 1119 unitatem
922 1056 1034 1130 Patris
1050 1063 1081 1119 et
1095 1056 1165 1119 Filii
1176 1066 1294 1139 peccat,

309 1176 376 1219 cum
389 1155 548 1228 unitatem,
568 1174 636 1237 quae
647 1162 694 1217 est
706 1155 785 1217 inter
800 1157 901 1218 Deum
912 1155 1048 1227 Patrem,
1066 1155 1239 1228 etFilium
1266 1156 1297 1216 in

307 1256 469 1318 confitente
484 1253 540 1315 sibi
557 1261 804 1335 repraesentatam
819 1273 1008 1336 quacumque
1026 1254 1229 1335 publicatione
1248 1256 1296 1316 di-

307 1354 394 1417 vidit.
414 1353 491 1417 Cum
509 1352 589 1415 enim
601 1352 697 1415 Filius
710 1354 750 1416 ad
761 1354 886 1417 Patrem
895 1353 996 1415 dicat:
1017 1382 1029 1404 u
1044 1355 1087 1414 Et
1102 1353 1160 1434 ipsi
1169 1353 1200 1415 in
1209 1353 1295 1416 nobis

307 1474 400 1516 unum
412 1453 485 1530 sint,
504 1453 583 1515 sicut
601 1459 634 1514 tu
645 1451 740 1515 Pater
751 1453 782 1514 in
798 1472 857 1526 me,
874 1459 905 1514 et
917 1473 974 1535 ego
990 1451 1065 1513 inte
1079 1484 1091 1504 n
1105 1475 1112 1525 ;
1130 1459 1183 1514 aut
1193 1453 1294 1514 Deum

306 1574 411 1624 unum,
430 1560 484 1614 aut
498 1572 531 1613 se
546 1551 577 1612 in
592 1551 662 1628 illo,
685 1551 737 1633 qui
752 1571 830 1612 unus
846 1559 912 1622 est,
936 1558 991 1613 aut
1010 1550 1247 1632 omnipotentem
1264 1553 1293 1612 in

306 1654 373 1735 ipso
393 1671 482 1734 posse
498 1650 617 1732 operari
641 1650 788 1713 unitatem
810 1657 913 1731 negat.
937 1649 1000 1712 Sed
1022 1649 1094 1730 quia
1113 1649 1199 1712 Deus
1218 1672 1295 1714 unus

307 1760 364 1822 est,
383 1762 414 1812 et
426 1750 563 1811 membra
576 1747 689 1812 Christi
709 1747 739 1808 in
754 1768 848 1810 unum
869 1747 1070 1820 conveniunt,
1099 1747 1234 1831 profecto
1257 1752 1294 1812 li-

307 1857 401 1935 quet;
427 1849 499 1933 quia
519 1849 591 1911 dum
616 1849 655 1910 ab
680 1847 796 1910 unitate
824 1847 988 1921 Ecclesiae,
1016 1867 1084 1930 quae
1113 1858 1160 1910 est
1184 1870 1295 1933 corpus

311 1950 441 2017 Christi.
460 1968 514 2031 per
538 1948 615 2010 tanti
636 1946 830 2009 violationem
854 1947 1036 2008 sacramenti
1050 1967 1084 2010 se
1101 1949 1290 2028 praescindit,

305 2072 364 2113 non
381 2049 412 2111 in
423 2041 501 2120 Deo,
525 2066 581 2110 nec
596 2067 635 2108 ex
651 2047 740 2122 Deo,
763 2067 819 2107 nec
832 2065 902 2107 curn
920 2046 988 2108 Deo
1004 2055 1061 2108 est.
1088 2047 1124 2108 ln
1144 2047 1293 2131 Spiritum

304 2150 450 2214 Sanctum
465 2146 665 2228 blasphemat,
692 2145 778 2219 dum,
808 2145 889 2227 quod
903 2145 934 2206 in
953 2146 1022 2220 lide,
1041 2154 1072 2208 et
1094 2148 1293 2212 advocatione

305 2252 380 2335 ejus,
398 2247 450 2330 qui
465 2253 512 2308 est
522 2244 659 2308 remissio
671 2253 875 2327 peccatorum,
890 2245 947 2307 sibi
963 2246 1111 2309 creditum
1124 2254 1181 2319 est,
1202 2269 1289 2310 reve-

305 2348 359 2421 lat,
379 2345 541 2408 ostendens
555 2344 627 2426 quia
642 2345 723 2425 apud
738 2364 807 2406 eum
819 2365 875 2406 nec
889 2343 1020 2426 Spiritus
1032 2346 1162 2409 Sanctus
1175 2355 1222 2409 est
1238 2349 1292 2410 ad-

303 2452 440 2509 vocatus.
459 2442 553 2522 Apud
571 2443 764 2503 Salomonem
789 2463 911 2525 quoque
929 2441 1136 2508 fraudulentus
1150 2455 1288 2524 vocatur,

302 2545 354 2628 qui
364 2541 481 2605 'revelat
492 2559 602 2601 arcana
617 2547 648 2601 et
662 2539 758 2601 fidelis
770 2541 822 2621 qui
834 2542 926 2603 animi
939 2542 1017 2605 celat
1028 2545 1233 2609 commissum.
1248 2551 1291 2611 Et

302 2643 332 2703 in
346 2637 559 2703 Ecclesiastico
579 2663 584 2700 :
606 2638 667 2716 Qui
679 2639 812 2704 denudat
825 2661 935 2704 arcana
950 2643 1051 2714 amici,
1065 2645 1165 2726 perdit
1176 2647 1284 2720 fidem,

300 2762 369 2824 quae
381 2748 429 2803 est
439 2739 535 2821 origo,
553 2745 585 2801 et
600 2737 831 2803 fundamentum
852 2742 987 2805 omnium
1006 2743 1175 2817 virtutum,
1191 2745 1288 2808 incur-

301 2841 400 2922 ritque
421 2839 680 2922 desperationem.
710 2860 777 2922 quae
802 2848 850 2902 est
875 2840 1062 2924 blasphemia
1077 2843 1226 2926 Spiritus,
1255 2851 1287 2907 et

299 2939 454 3013 ultimum,
479 2937 706 3019 maximumque
724 2938 858 3000 omniurn
880 2940 1050 3003 criminum.
1073 2940 1151 3004 Cum
1172 2943 1287 3005 Judaeis

299 3038 432 3101 Domino
446 3035 536 3123 dicitl:
560 3067 573 3088 ιι
591 3037 701 3099 Nonne
715 3037 929 3101 benedicimus
944 3060 1011 3112 nos,
1030 3041 1101 3122 quia
1115 3041 1285 3104 Samarita-

298 3158 357 3201 nus
368 3159 401 3200 es
420 3146 471 3211 tu,
491 3146 522 3200 et
538 3135 717 3199 daemonium
734 3137 844 3199 habesl
865 3169 877 3189 n
905 3138 966 3200 Per
980 3139 1161 3203 daemonium
1175 3161 1284 3224 pecca-

299 3248 364 3300 tum
378 3244 481 3321 potest
489 3236 628 3320 intelligi,
639 3243 718 3300 teste
733 3237 949 3319 Evangelista‚
969 3238 1021 3320 qui
1038 3240 1076 3301 de
1086 3241 1186 3302 Maria
1197 3242 1285 3323 Mag-

297 3337 405 3400 dalena
420 3345 537 3420 septem
559 3336 706 3398 daemonia
728 3338 825 3421 ejecta
838 3336 932 3399 dicit:
953 3344 984 3400 et
1004 3339 1153 3402 Dominus
1171 3341 1283 3404 Sama-

216 3485 220 3497 .
299 3437 416 3500 ritanus
429 3456 507 3508 esse,
537 3425 568 3496 et
590 3435 770 3497 daemonium
785 3435 898 3497 habere
920 3434 1039 3509 dicitur,
1065 3458 1134 3500 cum
1155 3438 1283 3503 confessi

298 3538 386 3619 culpa
399 3534 571 3607 reducitur;
593 3534 664 3616 quia
678 3534 727 3616 qui
740 3533 951 3597 Samaritanus
971 3543 1029 3606 est,
1049 3536 1081 3599 id
1096 3545 1155 3613 cst,
1181 3547 1285 3601 custos

284 3656 352 3719 per
365 3633 593 3707 confessionem,
605 3633 637 3695 in
649 3654 685 3696 eo
703 3654 794 3717 quem
806 3633 953 3707 custodit,
978 3635 1159 3700 daemonium
1172 3638 1285 3701 habere

294 3736 487 3816 improperat
503 3754 559 3814 per
573 3733 691 3815 peccati
710 3733 960 3797 communionem.

339 3831 374 3895 Si
385 3850 457 3893 vero
470 3831 507 3903 is,
526 3831 578 3914 qui
593 3832 764 3905 confitetur,
789 3831 821 3893 in
836 3831 925 3914 culpa
939 3842 1126 3914 perseverat,
1143 3842 1175 3898 et
1188 3836 1283 3899 etiam

295 3929 456 3996 anathema
468 3933 515 3989 est
525 3927 562 4001 ia,
584 3927 633 3990 cui
647 3927 816 3991 confessum
831 3938 888 4005 est,
911 3950 980 3993 cum
990 3931 1122 3995 Domino
1136 3937 1285 4016 usquead

294 4031 409 4094 exitum
425 4027 446 4089 J
447 4026 539 4088 udam
561 4024 713 4107 partiatum
733 4046 789 4088 nec
803 4026 896 4088 etiarn
912 4027 944 4089 in
964 4028 1031 4092 illos
1051 4030 1214 4113 aliquando
1227 4054 1285 4116 per

293 4152 338 4202 se,
353 4129 401 4192 vel
413 4147 467 4210 per
483 4124 614 4207 aliquem
626 4123 790 4187 vindictam
807 4134 957 4200 exerceat,
973 4128 1023 4210 qui
1034 4128 1091 4191 sibi
1107 4129 1281 4195 denunciati

171 4228 175 4234 ’
293 4236 363 4292 sunt
377 4225 554 4301 incrimine,
569 4223 617 4287 vel
633 4243 687 4305 per
699 4223 904 4286 confitentium
916 4225 1076 4302 malitiam,
1105 4229 1154 4292 vel
1166 4228 1285 4313 simpli-
