3184 5442
296 753 361 815 220
676 770 705 809 u.
733 769 905 810 anurnmvcr

341 913 382 974 D.
409 912 499 989 Quod
514 911 571 973 suit
586 910 659 972 illud
674 910 814 992 tempust
835 945 874 955 —
890 909 937 971 M.
956 909 1046 986 Quod
1061 909 1194 991 praefixit
1207 910 1294 973 Deus

203 1036 206 1042 ’
297 1020 368 1074 ante
384 1020 523 1093 tempora
539 1009 712 1084 saecularia,
732 1009 846 1072 scilicet
864 1029 931 1072 cum
952 1008 1051 1071 Judaei
1066 1030 1098 1070 se
1110 1009 1210 1092 inagis
1225 1010 1294 1094 leg'e

296 1110 415 1193 gravari
437 1131 528 1192 quam
545 1108 672 1171 relevari
692 1109 953 1192 ingemiscebant:
972 1115 1004 1170 et
1025 1108 1169 1170 Gentiles
1187 1109 1292 1172 relicto

295 1209 427 1273 naturali
439 1229 497 1271 usu
508 1214 614 1271 contra
624 1216 765 1271 naturam
779 1207 911 1289 turpiter
926 1207 1088 1280 vivebant;
1106 1215 1138 1270 et
1152 1229 1222 1271 oum
1236 1229 1292 1270 ne-

295 1329 355 1392 que
376 1308 543 1380 SacerdoS,
561 1328 660 1391 neque
680 1308 791 1370 Levita
815 1307 989 1370 subveniret
1008 1329 1015 1368 :
1034 1328 1159 1371 neccsse
1179 1316 1246 1385 erat
1259 1317 1293 1371 ut

293 1429 383 1471 verus
397 1407 608 1471 Samaritanus
624 1408 801 1482 adveniret,
823 1408 874 1489 qui
893 1407 1073 1470 semivivum
1091 1409 1231 1493 jumento
1247 1407 1292 1470 sui

292 1507 427 1590 corporis
438 1507 627 1590 imponeret,
645 1514 676 1570 et
691 1508 730 1570 ad
746 1508 898 1570 stabulum
915 1527 1058 1590 supernae
1074 1507 1163 1570 curiae
1179 1508 1290 1590 perdu-

297 1613 390 1667 cerat.

339 1898 391 1962 19.
418 1899 468 1974 De
477 1906 651 1961 nativitatis
668 1896 786 1960 Christi
798 1906 1053 1971 circumstantiis,
1069 1910 1099 1958 et
1104 1907 1248 1981 patratis
1259 1906 1291 1959 ia

294 2021 331 2058 eo
346 1997 550 2060 mirabilibus.

336 2098 377 2159 D.
405 2098 566 2175 Quomodo
579 2096 679 2179 potuit
690 2095 772 2158 nasci
790 2096 856 2158 sine
871 2103 999 2177 peccato
1012 2096 1049 2157 de
1063 2116 1166 2159 massa
1180 2117 1288 2178 pecia-

294 2196 384 2259 tricel
399 2233 436 2244 -
454 2197 500 2259 Μ.
519 2198 570 2259 Ab
586 2196 672 2258 initio
682 2196 768 2258 Deus
780 2196 927 2278 quosdam
942 2194 992 2277 qui
1006 2216 1039 2257 se
1052 2194 1231 2258 familiarius
1242 2216 1290 2258 co·

293 2294 391 2356 lerent
405 2295 443 2355 de
458 2294 526 2355 aliis
542 2294 735 2377 segregavit,
754 2295 791 2356 de
810 2293 920 2376 quibus
937 2292 1034 2376 Virgo
1056 2293 1144 2375 quasi
1159 2294 1197 2357 de
1211 2293 1290 2356 linea

293 2393 441 2473 producta
454 2391 629 2472 pullulavit;
644 2412 711 2471 quae
722 2392 808 2456 velut
818 2392 889 2454 olim
899 2392 986 2476 virga
995 2391 1081 2454 arida
1090 2391 1155 2455 sine
1165 2393 1290 2454 humore

293 2490 418 2573 protulit
428 2487 545 2564 florem,
560 2489 603 2551 ita
616 2489 681 2551 sine
692 2492 937 2574 concupiscentia
947 2492 1060 2555 mundo
1076 2492 1172 2554 edidit
1184 2491 1290 2554 Salva-

292 2598 402 2653 torem.
657 2596 669 2639 ¹

337 2688 379 2751 D.
406 2687 545 2767 Qualiter
560 2689 665 2773 genuit
679 2689 769 2752 euml¹
790 2726 829 2738 -
843 2692 890 2753 M.
906 2690 979 2753 Sine
994 2691 1093 2765 sorde,
1109 2699 1142 2753 et
1153 2691 1219 2754 sine
1235 2693 1289 2754 do-

293 2789 366 2851 lore.
386 2787 499 2853 Clausa
521 2789 602 2852 enim
617 2791 712 2874 janua
728 2790 895 2853 thalamum
914 2790 993 2852 uteri
1012 2789 1164 2860 introivit,
1180 2790 1290 2855 huma-

293 2908 364 2950 nam
376 2895 516 2952 naturam
528 2889 586 2953 sibi
598 2890 770 2974 conjunxit;
784 2896 816 2953 et
827 2890 930 2952 clausa
939 2898 1038 2972 porta,
1053 2899 1087 2953 ut
1096 2911 1187 2953 verus
1202 2912 1292 2974 spon-

219 3045 223 3049 ,
295 3009 346 3051 sus
358 2989 395 3055 de
409 2989 544 3052 thalamo
556 2992 713 3073 processit.

338 3089 380 3152 D.
407 3089 468 3153 Cur
482 3111 592 3154 novem
608 3111 729 3153 menses
743 3089 800 3152 fuit
814 3090 935 3152 clausus
950 3089 981 3151 in
1003 3090 1106 3152 uterol
1123 3126 1166 3137 -—
1180 3092 1228 3156 Μ.
1248 3094 1293 3157 Ut

295 3188 447 3265 nominee,
460 3190 511 3272 qui
527 3197 614 3253 erant
629 3190 721 3254 clausi
735 3189 767 3250 in
782 3188 910 3251 miseriis
925 3190 1012 3274 hujus
1029 3190 1131 3251 mundi
1143 3243 1150 3265 ,
1164 3191 1231 3254 sive
1242 3193 1292 3254 in-

295 3285 383 3361 ferni,
397 3290 603 3353 reduceretad
614 3289 796 3352 consortium
809 3309 917 3351 novem
932 3288 1071 3351 ordinum
1084 3289 1291 3373 Angelorum.

339 3388 381 3451 D.
408 3389 479 3464 Qua
500 3389 575 3451 hora
595 3397 686 3452 natus
704 3388 767 3452 estl
784 3424 824 3435 —
845 3388 951 3451 Media
972 3395 1077 3461 nocte,
1098 3396 1134 3451 ut
1156 3389 1293 3456 dicitur:

302 3515 314 3536 «ι
334 3486 416 3548 Dum
438 3486 572 3549 medium
592 3488 745 3552 silentium
764 3494 903 3552 tenerent
923 3487 1042 3561 omnia,
1057 3495 1087 3550 et
1102 3509 1166 3550 nox
1183 3490 1215 3552 in
1239 3514 1297 3556 suo

296 3602 384 3645 cursu
399 3581 530 3644 medium
543 3583 600 3645 iter
611 3584 736 3649 haberet
749 3607 757 3647 τ
772 3587 881 3650 Sermo
894 3594 963 3648 tuus
975 3607 994 3647 a
1004 3586 1157 3670 regalibus
1168 3590 1299 3656 sedibus

297 3681 392 3744 venit.

339 3780 381 3842 D.
407 3778 584 3847 Curnoctel
596 3788 638 3831 -’-
650 3783 697 3845 Μ.
710 3783 824 3859 Primo,
835 3787 907 3868 quia
917 3788 1051 3850 occultus
1057 3787 1142 3850 venit
1157 3810 1162 3848 :
1180 3789 1299 3855 deinde

295 3888 330 3942 ut
345 3881 462 3962 eosqui
478 3881 508 3943 in
523 3889 611 3948 nocte
626 3890 713 3945 erant
727 3885 855 3963 erroriS,
869 3887 908 3949 ad
924 3887 1021 3951 lucem
1037 3889 1217 3969 perduceret
1236 3913 1295 3954 ve-

295 3979 405 4043 ritatis

340 4079 382 4140 D.
408 4078 505 4142 Scivit
521 4082 635 4166 aliquid
651 4082 790 4146 Christus
805 4083 919 4147 infansl
938 4122 977 4132 —
994 4087 1039 4148 M.
1056 4085 1169 4149 Omnia
1182 4088 1295 4169 plane,

296 4185 331 4241 ut
341 4186 416 4261 puta
427 4179 523 4254 Deire,
544 4212 555 4233 u
575 4182 604 4244 in
619 4204 678 4265 quo
693 4181 814 4246 fuerunt
827 4205 931 4245 omnes
944 4186 1074 4248 thesauri
1088 4187 1248 4268 sapientiae
1265 4201 1300 4255 et

298 4278 430 4342 scientiae
444 4281 624 4344 absconditi.
