3184 5442
550 735 756 776 ELUCIDARIUM
779 735 847 777 SIVE
871 735 1027 775 nlntoGt'S.
1221 714 1286 776 277

293 873 473 945 liberentur;
492 881 523 936 et
535 874 560 937 si
575 874 604 936 in
618 896 718 937 errore
735 883 818 952 sunt,
837 881 872 937 ut
883 876 1081 958 corrigantur,
1100 882 1132 935 et
1146 875 1190 936 eis
1206 875 1286 937 cele-

295 973 356 1034 rius
371 973 569 1036 associentur.

339 1073 379 1135 D.
407 1073 545 1150 Qualiter
561 1081 649 1137 orant
663 1076 763 1138 Deum
773 1074 783 1135 l
795 1074 889 1136 -Μ,
904 1072 1093 1135 Desiderium
1109 1073 1227 1136 illorum
1242 1081 1290 1136 est

294 1173 392 1235 oratio
420 1195 534 1236 eorum.
564 1173 717 1256 Quicquid
741 1174 822 1235 enim
845 1173 1037 1245 desiderant,
1060 1173 1124 1234 sine
1146 1173 1290 1235 dilatione

295 1271 474 1356 percipient.
491 1274 615 1337 lllorum
633 1274 725 1336 etiam
743 1295 829 1336 orare
843 1325 849 1348 ,
865 1283 912 1336 est
932 1272 1081 1336 cruciatus
1095 1273 1228 1354 corporis
1242 1273 1289 1336 vel

295 1376 371 1436 bene
396 1383 483 1458 gesta
505 1396 560 1456 pro
579 1374 722 1446 Christo,
746 1375 813 1437 Deo
840 1379 1065 1457 repraesentare.
1090 1374 1162 1436 Non
1187 1381 1290 1436 tamen

295 1472 410 1556 aliquid
433 1481 538 1544 orant,
554 1474 612 1535 nisi
627 1476 709 1555 quod
727 1474 792 1557 ipse
814 1477 898 1537 Deus
916 1474 1066 1554 disposuit
1084 1472 1201 1560 lacere:
1219 1473 1291 1535 alio-

296 1572 368 1655 quin
384 1575 537 1638 incassum
552 1583 685 1637 orarent.

340 1879 373 1941 8.
399 1881 449 1942 De
457 1881 589 1967 gaudio,
603 1895 633 1942 et
642 1880 857 1942 neotrsionibus
869 1928 878 1957 ,
890 1889 1037 1953 scientia,
1049 1895 1079 1943 et
1090 1890 1292 1966 apparitione

296 1979 456 2042 beatorum
465 2005 476 2042 .·
500 1991 633 2068 itemque
647 1981 686 2042 de
697 1989 831 2066 spectris
835 2003 897 2066 per
917 1980 1084 2042 dainnatos
1098 1981 1259 2044 exhibitio.

341 2082 383 2144 D.
408 2081 535 2144 Habent
546 2082 667 2163 plenum
680 2080 824 2165 gaudium
834 2081 938 2144 Sancti
949 2081 1063 2144 t-M.
1076 2084 1291 2165 Nequaquam.

299 2181 387 2244 Siout
401 2182 481 2244 enim
497 2182 597 2246 vocati
608 2183 648 2244 ad
662 2181 833 2245 convivium
846 2181 1002 2243 venientes
1016 2182 1121 2244 desua
1134 2183 1292 2246 vocatione

297 2289 329 2344 et
347 2283 537 2366 susceptione
549 2291 620 2345 sunt
630 2283 691 2345 laeti
706 2334 711 2356 ,
731 2283 769 2344 de
783 2281 959 2344 absentibus
970 2282 1075 2345 enticis
1087 2283 1221 2351 solliciti.
1236 2284 1292 2346 do-

296 2401 352 2445 nec
370 2382 459 2445 simul
485 2383 665 2446 conveniant
685 2403 809 2444 omnes:
831 2382 876 2444 ita
893 2382 1001 2444 animae
1013 2384 1164 2467 justorum
1181 2385 1219 2445 de
1237 2405 1293 2447 sua

298 2503 376 2546 nunc
396 2484 519 2570 quidem
542 2483 639 2566 gloria
661 2484 813 2557 laetantur,
841 2484 879 2545 de
904 2483 1042 2547 absentia
1063 2492 1164 2547 autem
1188 2493 1293 2548 nostra

297 2581 507 2647 sollicitantur.
520 2582 599 2646 Cum
612 2593 714 2647 autem
729 2604 855 2666 corpora
869 2605 924 2646 sua
942 2585 1128 2667 receperint,
1144 2593 1175 2648 et
1186 2606 1291 2648 omnes

297 2681 327 2742 in
342 2702 434 2745 unum
446 2685 661 2758 convenerint,
677 2692 749 2747 tunc
763 2685 885 2767 plenum
902 2685 1046 2768 gaudium
1058 2687 1222 2748 habebunt.

342 2782 384 2846 D.
411 2785 487 2861 Quae
509 2798 556 2849 est
581 2787 689 2849 domus
709 2786 831 2856 Patris,
859 2795 890 2847 et
916 2785 1019 2846 multae
1043 2785 1235 2848 mansionesl
1250 2820 1289 2830 —

298 2884 342 2946 M.
362 2885 480 2948 Domus
490 2887 592 2949 Patris
610 2894 656 2949 est
665 2886 742 2951 visio
757 2884 974 2967 omnipotentis
985 2884 1044 2946 Dei
1059 2936 1064 2954 ‚
1080 2884 1110 2945 in
1126 2905 1187 2966 qua
1198 2883 1289 2967 justi,

298 2983 369 3046 utin
379 2984 513 3048 Domino
523 2986 700 3070 gloriantur.
712 2983 889 3048 Mansiones
897 2983 1023 3045 diversae
1035 2991 1104 3045 sunt
1114 3004 1168 3066 pro
1179 2981 1294 3044 meritis

299 3085 566 3149 remunerationes.

341 3186 382 3247 D.
409 3185 516 3248 Sciunt
541 3186 650 3248 animae
677 3207 744 3268 quae
768 3186 816 3249 hic
842 3185 1001 3270 gerunturl
1026 3220 1067 3232 -
1094 3184 1138 3245 Μ.
1170 3183 1291 3244 Anima)

296 3285 445 3366 justorum
464 3285 565 3348 sciunt
587 3285 705 3358 omnia,
725 3306 792 3367 quae
816 3286 864 3349 hic
887 3296 1028 3370 aguntur,
1044 3305 1112 3367 quae
1136 3290 1239 3345 autem
1263 3283 1293 3343 in

298 3385 395 3466 poenis
406 3393 488 3460 sunt,
497 3387 635 3448 nesciunt
645 3386 702 3449 nisi
714 3407 782 3468 quae
792 3388 836 3449 eis
847 3387 958 3470 Angeli
972 3386 1020 3448 vel
1029 3384 1135 3449 Sancti
1148 3382 1291 3445 referunt.

1367 1087 1500 1206 iii-a.

298 3485 375 3561 tluae
393 3506 463 3548 vero
472 3485 502 3547 in
515 3484 631 3549 inferno
642 3493 729 3559 sunt,
742 3508 801 3548 non
813 3487 881 3569 plus
893 3494 1004 3549 norunt
1013 3485 1086 3568 quid
1101 3483 1150 3546 hic
1169 3492 1290 3565 agatur,
1341 3536 1350 3565 ,Ι
1372 3544 1374 3551 ,
1392 3536 1406 3557 ,,
1423 3528 1436 3546 .
1484 3564 1486 3569 Ι
1513 3550 1517 3565 ,

299 3605 391 3665 quam
402 3585 464 3647 vivi
474 3585 573 3649 sciunt
582 3587 654 3668 quid
666 3586 707 3648 ibi
723 3595 855 3670 geratur.
871 3589 915 3651 Ut
929 3598 1032 3650 tamen
1048 3585 1120 3647 olim
1132 3582 1295 3665 Prophetae
1345 3570 1349 3593 ¹

299 3685 439 3765 quaedam
448 3686 612 3758 sciverunt,
624 3707 690 3769 quae
699 3686 749 3747 alii
757 3687 986 3771 ignoraverunt;
998 3693 1169 3749 nontamen
1179 3683 1293 3758 omnia,
1326 3719 1330 3725 -

298 3787 342 3845 ita
364 3785 502 3866 quaedam
516 3786 624 3849 animae
645 3786 724 3848 inter
745 3786 841 3848 malos
857 3787 996 3869 quaedam
1009 3787 1108 3849 sciunt
1125 3833 1132 3855 ,
1152 3804 1218 3865 quae
1230 3781 1296 3845 atiae

297 3883 454 3958 nesciunt,
483 3888 624 3968 quamvis
635 3908 695 3949 non
708 3887 822 3949 omnia.
843 3888 952 3971 Itaque
966 3886 1075 3950 omnia,
1092 3904 1160 3967 quae
1175 3883 1274 3946 sciunt
1289 3931 1294 3950 .

298 3980 346 4042 vel
361 3981 405 4042 eis
420 3981 566 4046 divinitus
577 3984 761 4056 revelantur,
782 3984 829 4045 vel
856 3984 900 4046 eis
918 4006 937 4047 a
961 3983 1168 4053 morientibus,
1180 3986 1212 4043 et
1225 3979 1296 4041 illuc

297 4081 489 4145 venientibus
500 4084 690 4146 nunciantur.

340 4181 383 4242 D.
398 4182 532 4246 Possunt
554 4184 663 4246 animae
674 4205 822 4266 apparere
848 4186 969 4267 quando
991 4185 1106 4253 volunt,
1125 4182 1172 4244 vel
1188 4182 1298 4263 quibus

295 4281 426 4343 voluntl
443 4317 482 4330 -
500 4284 545 4345 M.
573 4283 694 4345 Animae
720 4285 900 4347 Sanctorum
927 4291 1075 4367 apparent
1101 4281 1221 4363 quando
1244 4301 1295 4342 vo-
