3184 5442
507 715 624 756 orosam
648 715 680 757 ru
704 714 752 755 ΕΡ.
778 713 821 754 nu
843 714 916 756 uon.
1170 699 1209 760 41
1273 680 1302 718 ”

219 877 270 960 qui
288 875 435 940 Cenchris
450 874 570 949 dicitur,
589 880 656 937 erat
670 899 678 948 ;
693 895 747 938 sua
762 875 934 939 substantia
950 877 1152 941 sustentabat.
1166 880 1215 943 Ea

218 982 292 1040 tunc
311 974 459 1058 temporis
478 975 685 1060 proquodam
704 976 827 1059 negotio
845 974 978 1040 Romam
994 974 1132 1059 profecta
1152 985 1210 1042 est.

217 1076 277 1140 Per
296 1075 375 1139 hanc
389 1072 529 1147 fortasse,
548 1075 639 1139 istam
654 1075 738 1138 misit
749 1075 929 1158 Epistulam.
958 1111 1000 1125 -
1023 1077 1068 1139 Et
1082 1091 1213 1141 matrem

218 1173 285 1258 ejus
301 1184 332 1233 et
352 1170 482 1256 meam]
506 1171 566 1235 Vel
581 1177 711 1236 matrem
728 1193 815 1236 suam
835 1193 903 1238 cum
922 1181 1020 1238 matre
1038 1173 1117 1237 illius
1134 1197 1213 1258 prae-

218 1270 292 1354 cipit
316 1270 521 1334 salutandam.
541 1269 599 1334 Vel
625 1291 716 1334 unam
739 1274 879 1337 eamdam
901 1271 1059 1337 foeminam
1084 1283 1213 1339 matrem

216 1370 296 1435 illius
311 1370 402 1447 dicit,
418 1379 450 1435 et
469 1390 555 1435 suam
575 1371 655 1436 illius
672 1373 838 1435 secundum
854 1393 993 1448 carnem,
1018 1394 1104 1437 suam
1118 1376 1213 1439 bene-
1231 1421 1240 1438 .

216 1471 295 1535 ficio.
311 1505 355 1520 -
376 1470 411 1531 V
405 1483 491 1534 estro
509 1478 593 1532 enim
615 1471 806 1535 obedientia.
821 1471 834 1559 ]
849 1473 952 1538 Causa
968 1494 1022 1538 our
1040 1480 1127 1559 roget
1140 1495 1209 1547 eos;

217 1571 392 1636 obedientes
406 1571 487 1635 enim
503 1572 631 1657 rogandi
648 1579 729 1647 sunt,
750 1571 957 1638 inobedientes
971 1573 1156 1658 increpandi.
1169 1610 1213 1624 -

224 1672 373 1735 Conterat
405 1671 578 1765 ,Satanan
602 1670 614 1756 ]
641 1672 790 1736 Satanam
825 1675 880 1736 sub
914 1673 1043 1757 pedibus
1070 1674 1214 1739 Ecclesia

219 1770 371 1835 Dominus
393 1771 545 1847 contrivit,
570 1771 643 1856 quia
662 1772 800 1836 membra
815 1774 891 1859 ejus,
916 1773 1026 1857 quibus
1044 1775 1213 1838 Ecolamam

218 1869 466 1954 persequebatur,
486 1871 527 1935 ad
547 1871 638 1934 fidem
653 1891 812 1948 conversa,
829 1871 888 1954 ipsi
905 1872 1050 1936 Ecclesia
1067 1874 1212 1958 subjuga-

217 1970 275 2035 vit.
303 2006 343 2019 -
367 1969 479 2035 Saluto
493 1995 567 2036 aas.
587 1971 707 2057 ]Ordo.
730 1971 838 2035 Saluto
857 1992 914 2034 vos
933 1971 963 2033 in
977 1970 1122 2035 Domino.
1142 1971 1215 2034 Ter-

217 2070 278 2135 tius
291 2070 350 2135 iste
361 2071 498 2136 notarius
508 2069 567 2135 tuit
577 2071 732 2156 Apostoli,
746 2071 799 2154 qui
810 2071 889 2136 hauc
900 2069 1022 2154 scripsit
1029 2069 1211 2153 Epistolam.

219 2173 264 2233 Εἰ
280 2184 396 2237 autem.
407 2171 462 2258 tld
473 2180 522 2237 est
534 2197 540 2236 :
552 2173 613 2252 Qui
627 2179 730 2258 potest
744 2193 801 2236 vos
813 2173 851 2236 ad
866 2179 985 2236 tantam
997 2169 1214 2255 perfectionem

217 2270 344 2345 ducere;
362 2278 509 2357 quantam
529 2272 676 2357 predico,
697 2278 729 2336 et
746 2278 892 2355 quantam
913 2270 1052 2336 Christus
1070 2269 1214 2353 pradica-

217 2369 274 2446 vit,
298 2377 330 2434 et
354 2371 580 2454 praedicandam
605 2371 747 2436 instituit.
774 2408 819 2419 —
843 2371 1020 2434 Secundum
1047 2369 1213 2433 revetatio-

218 2470 317 2556 nem.]
328 2471 364 2534 Id
378 2480 425 2536 est
441 2472 508 2536 :Ut
524 2470 569 2536 ita
589 2470 730 2548 credatis,
749 2471 837 2536 sicuti
855 2471 1033 2557 mysterium
1047 2469 1107 2535 Dei
1122 2490 1211 2533 reve-

219 2571 316 2634 latum
331 2577 394 2643 est;
410 2578 443 2635 et
457 2571 543 2655 ponit
564 2570 717 2654 singulare
732 2592 788 2655 pro
812 2570 930 2655 plurali.
959 2607 1000 2620 -
1025 2568 1212 2657 Mystertt.]

218 2666 403 2752 Mysterium
433 2674 526 2733 vocat
544 2667 782 2732 incarnationem
800 2669 878 2732 Jesu
903 2664 1032 2743 Christi,
1053 2673 1085 2730 et
1103 2674 1213 2731 caetera

219 2785 289 2848 quae
313 2765 435 2831 aetemis
459 2766 647 2851 temporibus
670 2774 758 2831 erant
781 2767 885 2832 taoita.
904 2767 1053 2845 Quamvis
1070 2765 1151 2828 enim
1174 2787 1213 2830 ex

219 2866 353 2950 quadam
387 2873 475 2951 parte
500 2866 634 2951 antiquis
663 2867 801 2951 patribus
828 2874 932 2932 essent
958 2866 1097 2952 cognita,
1128 2865 1217 2949 plene

219 2974 323 3030 tamen
336 2988 356 3030 a
370 2966 452 3030 nullo
465 2964 589 3031 fuerunt
606 2967 695 3044 scita,
712 2969 912 3052 quoadusque
938 2988 993 3031 suo
1011 2973 1148 3049 tempore
1161 2986 1217 3048 per

220 3066 329 3130 Jesum
361 3066 518 3132 Christum
545 3065 668 3132 fuerunt
696 3068 844 3132 revelata.
877 3103 917 3117 -
947 3067 1012 3127 Per
1035 3064 1216 3148 Scripturas

220 3166 462 3253 Prophetarum.
472 3166 484 3253 ]
493 3167 666 3252 Scripturas
679 3167 903 3251 Prophetarum
916 3163 1063 3229 revelavit
1077 3162 1217 3228 Christus

220 3266 378 3351 Apostoiis
398 3265 476 3340 suis;
493 3267 572 3332 sicut
594 3268 623 3330 in
643 3266 813 3352 Evangelio
832 3266 965 3351 legitur:
983 3263 1070 3326 Tunc
1092 3269 1217 3348 operuit

221 3366 285 3430 illis
296 3391 434 3447 sensum,
449 3382 483 3431 ut
497 3367 709 3455 intelligerent
721 3368 926 3454 Scripturas,
944 3373 1004 3430 etc.

455 3719 487 3766 11.
509 3717 544 3766 IN
562 3716 663 3765 urlsr.
683 3718 730 3766 AD
749 3715 947 3766 CORINTHIOS
964 3717 985 3762 1.

656 3998 727 4039 CAP.
751 3999 774 4038 1.

265 4175 304 4236 In
324 4183 409 4237 omni
424 4175 502 4237 loeo.
512 4174 523 4261 ]
532 4175 646 4252 Verba,
662 4174 771 4258 inquit,
785 4180 817 4238 et
829 4146 986 4238 scientiam
1001 4173 1124 4249 tenetiS,
1138 4172 1216 4236 sicut

223 4276 432 4341 testimonium
442 4277 553 4342 Christi
562 4301 570 4351 ;
586 4277 617 4340 id
628 4283 685 4353 est,
700 4275 920 4341 incarnationis
935 4275 1000 4360 ejus
1012 4280 1042 4336 et
1053 4270 1212 4354 passionis,
