3184 5442
298 738 362 799 :304
641 722 649 739 “
681 753 708 793 n.
736 753 909 795 muranum

341 897 413 958 Tria
427 917 493 957 esse
511 901 701 958 sacramenta
723 887 919 955 confessionis
936 894 1086 957 Dominus
1105 896 1134 957 in
1152 919 1210 961 sua
1228 921 1301 982 per-

298 1018 372 1059 sona
384 995 560 1069 declaravit,
577 996 703 1078 liguram
721 992 881 1074 baptismi,
903 1014 993 1055 unam
1016 995 1236 1061 conscientiam
1263 1003 1303 1064 de

297 1098 425 1169 duobus,
441 1098 541 1159 Deum
554 1104 585 1159 et
597 1093 750 1156 hominem
763 1094 794 1154 in
807 1094 914 1155 eodem
923 1093 1048 1178 judicio.
1061 1095 1095 1156 In
1106 1097 1206 1178 figura
1219 1100 1301 1182 bap-

298 1198 391 1272 tismi,
410 1197 502 1279 isqui
523 1197 694 1268 confitetur,
720 1193 916 1256 abrenunciat
931 1214 987 1275 per
1002 1195 1241 1277 pmnitentiam;
1268 1208 1302 1262 et

297 1299 456 1379 creditper
470 1297 572 1369 fidem,
589 1296 667 1357 sicut
689 1295 733 1366 is,
752 1293 804 1376 qui
819 1294 1009 1376 baptisatur,
1029 1297 1243 1372 abrenunciat,
1269 1310 1302 1364 et

296 1397 401 1460 credit.
415 1397 505 1460 Unde
514 1405 544 1459 et
555 1395 706 1458 Dominus
721 1395 802 1457 idern
815 1394 1022 1457 testimonium
1036 1399 1154 1478 accepit
1169 1419 1189 1460 a
1202 1400 1301 1463 Patre

297 1499 326 1558 in
342 1495 617 1580 transfiguratione,
637 1495 717 1578 quod
733 1503 764 1557 et
780 1496 811 1556 in
831 1494 999 1577 baptismo,
1032 1502 1063 1558 et
1079 1496 1218 1560 additum
1236 1508 1297 1573 est,

301 1627 312 1647 ι·
331 1596 431 1679 ipsum
443 1596 546 1658 audite
574 1628 585 1647 ι’
602 1617 609 1667 ;
626 1595 663 1656 de
684 1615 720 1655 eo
732 1593 812 1655 enirn
833 1593 872 1654 de
895 1615 955 1676 quo
980 1594 1118 1658 audierat
1142 1598 1296 1673 Joannes,

303 1730 314 1750 ι·
334 1698 383 1760 hic
395 1704 442 1759 est
456 1695 508 1778 qui
522 1694 658 1777 baptizat
735 1693 896 1756 audierunt
912 1693 1061 1776 discipuli.
1085 1726 1097 1745 u
1118 1696 1220 1778 ipsum
1238 1720 1298 1761 au-

299 1799 362 1862 dite
425 1795 557 1879 quiaqui
569 1793 743 1875 baptizatio
754 1793 950 1875 baptismate,
969 1794 1034 1877 ipse
1050 1795 1213 1860 auditurin
1229 1821 1299 1882 poe-

300 1897 459 1961 nitentiam
469 1896 572 1957 dante.
589 1893 667 1956 Duae
684 1891 874 1956 conscientiae
886 1893 918 1954 in
929 1915 1020 1956 unam
1034 1901 1204 1972 transeunt,
1223 1920 1299 1962 con-

299 1998 413 2061 fitentis
426 1995 540 2060 scilicet
555 1995 585 2056 in
604 1995 680 2078 ejus,
696 1993 743 2056 cui
755 1994 932 2067 confitetur,
950 2002 982 2057 et
987 1994 1152 2079 judicantis
1167 1996 1197 2059 in
1214 2001 1298 2084 ejus-

299 2101 380 2171 dem,
398 2096 448 2179 qui
465 2095 627 2181 judicatur.
646 2093 736 2155 Hanc
753 2093 904 2155 unitatem
925 2095 1108 2176 imprecatur
1122 2095 1222 2158 Filius
1236 2099 1299 2162 Dei

297 2200 378 2282 apud
393 2198 519 2260 Patrem
538 2217 545 2256 z
567 2226 578 2246 u
597 2194 643 2256 Ut
659 2201 690 2255 et
708 2192 767 2274 ipsi
788 2191 818 2253 in
841 2192 939 2266 nobis,
967 2226 979 2248 2·
999 2194 1148 2276 inquiens
1172 2228 1185 2248 u
1201 2219 1298 2261 unum

295 2300 368 2373 sint,
386 2298 465 2360 sicut
481 2304 515 2361 tu
524 2296 617 2359 Pater
633 2295 663 2356 in
680 2315 740 2368 me,
757 2301 788 2356 et
803 2314 860 2377 ego
872 2294 902 2355 in
918 2302 960 2356 te.
978 2327 990 2346 ι»
1010 2295 1096 2358 Deus
1116 2304 1148 2359 et
1159 2297 1252 2360 homo
1265 2300 1297 2361 in

296 2398 403 2461 eodem
417 2396 530 2481 judicio
551 2394 745 2468 conveniunt,
763 2394 913 2477 quiaqui
932 2415 964 2456 se
983 2395 1111 2479 judicat,
1133 2399 1199 2481 jam
1222 2421 1297 2461 curn

294 2498 363 2559 Deo
379 2495 451 2558 facit
469 2517 474 2553 :
494 2494 584 2556 Unde
596 2500 627 2556 et
639 2495 718 2555 latro
730 2493 760 2554 in
773 2514 861 2556 cruce
873 2515 940 2557 cum
958 2495 1084 2557 dixisset
1100 2520 1105 2556 :
1130 2526 1143 2548 u
1156 2518 1212 2559 nos
1224 2499 1297 2580 qui·

294 2597 363 2658 dem
378 2595 468 2678 digna
483 2592 571 2656 factis
588 2592 748 2675 recipimus
765 2626 793 2667 ιν,
813 2595 886 2677 quia
900 2616 968 2658 curn
980 2596 1114 2658 Domino
1128 2617 1161 2658 se
1169 2598 1296 2682 judica-

296 2697 352 2769 vit,
372 2717 440 2758 curn
455 2695 588 2757 Domino
600 2695 630 2756 in
643 2695 790 2758 Paradiso
807 2704 865 2758 est.
1134 2694 1136 2699 ’

340 2798 376 2860 In
397 2796 444 2858 his
466 2796 664 2859 sacramentis
687 2796 739 2877 qui
761 2817 950 2878 quocumque
974 2798 1064 2859 modo
1084 2798 1122 2859 de
1148 2797 1297 2862 confessis

296 2898 353 2960 sihi
369 2897 501 2980 aliquam
513 2896 716 2979 suspicionem
727 2897 758 2958 in
768 2897 923 2980 publicum
939 2898 1010 2961 oriri
1022 2899 1152 2962 scienter
1162 2898 1292 2972 faciunt,

296 2995 508 3081 velconfessos
522 2994 683 3074 infamant,
704 2996 854 3080 caligant;
881 3005 912 3062 et
924 2998 954 3060 hi
964 2999 1017 3082 qui
1028 2999 1057 3060 in
1073 2997 1296 3062 confessionem

296 3098 440 3181 aliquam,
459 3097 508 3159 vel
523 3104 695 3159 consortem
717 3096 765 3158 sni
789 3097 922 3160 criminis
941 3101 1082 3182 produnt,
1110 3109 1243 3181 peccant
1265 3110 1297 3164 et

294 3199 347 3273 illi,
364 3198 415 3281 qui
425 3198 456 3259 in
468 3195 686 3262 confessionem
694 3195 773 3261 sacta
785 3197 911 3261 aliorum
919 3200 1108 3284 perquirunt.
1123 3200 1203 3264 Cum
1212 3203 1298 3265 enim

295 3297 442 3362 confessio
462 3299 589 3382 figuram
610 3296 755 3379 baptismi
773 3303 887 3372 teneat,
908 3291 1019 3363 scimus
1038 3299 1109 3383 quia
1126 3301 1157 3362 in
1175 3306 1298 3383 peccati

294 3401 332 3461 ab
352 3397 587 3470 renunciatione,
604 3419 663 3459 non
677 3396 801 3459 alterius
822 3398 1009 3462 detractione
1032 3400 1236 3483 baptizamur.
1260 3404 1298 3467 ln

294 3498 383 3561 Judae
401 3497 493 3562 etiarn
515 3497 679 3580 proditoris
701 3497 826 3559 Domini
846 3506 1007 3562 censentur
1029 3499 1202 3584 participio,
1222 3505 1299 3585 quia

295 3598 365 3662 licet
379 3599 416 3674 is,
433 3598 480 3662 cui
495 3598 676 3673 detrahitur,
694 3618 733 3659 ex
749 3619 784 3660 eo
801 3600 884 3681 quod
894 3600 1033 3681 peccavit
1048 3621 1209 3684 personam
1224 3603 1299 3666 Do-

295 3697 369 3759 mini
380 3720 439 3760 non
456 3698 614 3780 significet,
641 3720 680 3760 ex
695 3719 731 3758 eo
747 3705 849 3760 tamen
871 3700 953 3781 quod
972 3700 1101 3764 traditur
1120 3700 1299 3784 significare

294 3804 407 3877 potest.
425 3797 575 3859 Dominus
586 3818 719 3881 namque
734 3799 861 3861 etsinon
875 3801 1023 3882 peccavit,
1039 3809 1142 3864 tamen
1158 3802 1299 3867 traditus

294 3902 352 3970 est,
370 3895 408 3958 de
424 3916 483 3977 quo
508 3896 605 3960 Judas
620 3897 664 3959 ait
690 3921 695 3958 :
731 3931 743 3950 a
768 3900 998 3984 Quemcumque
1014 3901 1168 3967 osculatus
1191 3901 1294 3977 fuero,

292 3995 358 4075 ipse
368 4000 427 4063 est,
442 4000 544 4056 tenete
559 4013 628 4055 eum
646 4025 658 4045 ··
674 4018 680 4066 ;
698 4005 729 4060 et
744 3997 781 4069 is,
805 3999 853 4062 cui
867 4021 937 4062 cum
951 4001 1084 4086 imagine
1094 3998 1293 4068 familiarita-

295 4093 334 4155 tis
358 4092 445 4176 quasi
467 4091 602 4154 osculum
622 4093 672 4155 vel
697 4097 833 4170 exhibet,
854 4100 903 4161 vel
930 4100 1075 4174 exhibuit,
1101 4101 1139 4163 de
1163 4101 1296 4167 crimine

295 4200 384 4278 rogat
393 4192 487 4256 teneri
497 4191 527 4252 in
541 4189 737 4258 confessione.
747 4199 788 4260 Et
799 4199 966 4282 Apostolus
976 4202 997 4262 J
999 4222 1111 4264 oannes
1128 4225 1134 4263 z
1157 4202 1296 4268 «Omnis

297 4292 347 4372 qui
373 4291 444 4355 facit
460 4301 618 4374 peccatum
639 4317 678 4358 ex
708 4297 826 4361 diabolo
844 4309 891 4362 est
917 4309 1024 4378 natus,
1060 4302 1132 4385 quia
1160 4302 1199 4363 ab
1230 4301 1293 4363 ini-
