3184 5442
330 733 395 796 198
710 755 740 796 o.
768 754 943 798 nomnium

329 895 384 957 sed
395 895 426 956 in
437 897 505 978 ipsa
515 917 571 958 sua
583 897 823 960 consideratione
838 895 990 969 deficiens,
1006 891 1054 954 his
1063 890 1165 954 verbis
1178 896 1323 964 testatur,

330 992 432 1057 dicens
445 1019 451 1056 ε
464 993 603 1059 Christus
612 1003 660 1058 est
669 995 812 1078 princeps
820 1002 851 1057 et
860 990 1004 1059 Pontifex
1013 990 1179 1054 secundum
1188 989 1326 1052 ordinem

330 1093 566 1171 Melchisedech,
581 1102 614 1158 et
624 1094 725 1158 hostia
734 1103 765 1158 et
775 1094 930 1169 sacerdos
943 1092 995 1176 qui
1006 1091 1037 1154 in
1046 1098 1212 1174 conspectu
1222 1089 1327 1153 Patris

330 1193 485 1258 nobiscum
501 1196 654 1259 coelestem
670 1195 803 1260 comedit
813 1215 924 1279 punem
940 1200 972 1257 et
982 1192 1088 1257 vinum
1101 1190 1195 1264 bibit;
1210 1190 1249 1253 de
1265 1210 1328 1272 quo

331 1292 362 1353 in
373 1295 541 1379 Evangelio
555 1295 707 1379 loquitur:
722 1296 795 1359 Non
809 1294 912 1358 bibam
924 1295 963 1356 de
974 1291 1126 1378 genimine
1137 1289 1210 1354 vitis
1220 1289 1325 1376 hujus,

330 1393 387 1455 nisi
403 1414 496 1476 quum
512 1396 615 1458 bibero
634 1395 709 1458 illud
723 1416 838 1458 novum
856 1395 888 1455 in
906 1413 999 1476 regno
1012 1391 1115 1456 Patris
1135 1390 1206 1453 mei.
1224 1391 1260 1454 In
1276 1389 1329 1452 illo

331 1493 472 1558 videlicet
494 1516 604 1580 regno,
626 1496 664 1558 de
687 1516 747 1578 quo
768 1493 873 1559 scribit
893 1491 1087 1576 Apostolus:
1105 1491 1248 1574 Regnum
1266 1489 1330 1581 Dei

332 1592 413 1657 intra
423 1615 480 1658 vos
493 1604 561 1658 est:
574 1597 738 1677 clausaque
752 1594 811 1657 erit
821 1600 911 1677 porta
921 1615 928 1665 ;
940 1612 1031 1655 nemo
1040 1590 1122 1653 enim
1135 1595 1239 1673 potest
1254 1610 1329 1672 pas·

333 1693 426 1757 sionis
442 1696 567 1759 Domini
586 1696 781 1779 corporisque
796 1697 862 1780 ejus
876 1714 912 1757 ac
927 1690 1081 1776 sanguinis
1092 1711 1148 1774 pro
1167 1691 1331 1775 majestate

334 1795 378 1857 rei
391 1804 583 1861 sacramenta
596 1817 788 1882 cognoscere.
803 1794 951 1868 Hilarius¹
969 1794 999 1856 in
1014 1791 1093 1855 libro
1105 1790 1305 1855 deTrinitate
1319 1811 1327 1853 ε

335 1897 399 1961 Eos
412 1897 554 1981 inquiens
567 1897 620 1980 qui
631 1918 711 1986 nunc
725 1896 807 1960 inter
820 1901 939 1978 patrem
952 1900 984 1956 et
994 1892 1088 1955 filium
1100 1891 1267 1954 voluntatis
1280 1889 1331 1952 in·

335 2005 447 2077 gerunt
460 1999 609 2062 unitatem
623 1998 792 2082 interrogo,
811 2004 953 2059 utrumne
968 2014 1022 2076 per
1036 1999 1153 2054 naturae
1165 1989 1331 2053 veritatem

335 2095 425 2160 hodie
437 2096 576 2162 Christus
586 2098 617 2159 in
624 2097 711 2160 nobis
722 2097 773 2173 sit,
786 2117 826 2159 an
837 2115 892 2179 per
903 2092 1093 2158 concordiam
1106 2089 1284 2153 voluntatis.
1297 2089 1334 2152 Si

336 2197 417 2259 enim
438 2218 510 2260 vere
532 2199 658 2260 verbum
678 2218 748 2260 caro
768 2195 884 2259 factum
905 2201 970 2267 est,
987 2200 1019 2256 et
1034 2212 1106 2255 vere
1126 2213 1183 2253 nos
1202 2191 1334 2253 verbum

336 2315 457 2358 carnem
478 2296 544 2359 cibo
564 2296 714 2360 dominico
731 2296 895 2368 sumimus,
916 2294 988 2378 quia
1005 2300 1037 2356 et
1056 2292 1087 2354 in
1105 2290 1228 2354 Christo
1242 2296 1336 2372 pater

337 2402 397 2466 est,
412 2403 444 2457 et
455 2393 595 2458 Christus
609 2395 640 2457 in
656 2396 753 2458 nobis.
769 2396 917 2479 Quisquis
931 2415 1003 2478 ergo
1017 2391 1196 2456 naturaliter
1211 2398 1336 2473 patrem

336 2491 366 2552 iu
380 2492 502 2556 Christo
512 2494 650 2576 negabit;
664 2503 757 2579 neget
764 2495 849 2578 prius
857 2494 1038 2558 naturaliter
1046 2492 1095 2556 vel
1106 2512 1140 2554 se
1151 2491 1183 2552 in
1194 2489 1333 2564 Christo,

337 2591 386 2654 vel
401 2593 458 2655 sibi
472 2592 629 2657 Christum
640 2594 740 2657 inesse
752 2617 760 2657 ι
773 2594 846 2678 quia
856 2595 886 2657 in
899 2595 1022 2660 Christo
1033 2593 1138 2665 Pater,
1150 2598 1183 2653 et
1192 2589 1337 2653 Christus

337 2690 367 2752 in
377 2692 563 2757 nobisunum
571 2694 656 2756 inhis
664 2715 731 2756 esse
740 2693 910 2758 faciunt.Si
919 2692 1089 2774 vereigitur
1096 2711 1219 2754 carnem
1228 2710 1338 2772 corpo·

338 2792 380 2855 ris
387 2793 482 2856 nostri
491 2792 631 2857 Christus
641 2794 821 2879 assumpsit,
835 2802 866 2857 et
877 2814 949 2857 vere
958 2793 1050 2856 homo
1059 2791 1110 2854 ille
1120 2790 1173 2873 qui
1182 2810 1221 2852 ex
1233 2789 1339 2853 Maria

284 2896 286 2901 ’
339 2902 431 2958 natus
443 2892 516 2969 fuit,
531 2894 671 2958 Christus
682 2903 748 2969 est,
763 2915 820 2957 nos
831 2894 883 2976 qui
896 2914 967 2957 vere
981 2894 1038 2956 sub
1049 2890 1195 2976 mysterio
1211 2910 1339 2953 carnem

341 2994 506 3069 sumimus,
521 3003 553 3058 et
565 3015 620 3078 per
631 2995 688 3059 hoc
699 3016 793 3057 unum
806 2994 918 3057 erimus
926 3019 935 3065 3
951 2993 1024 3076 quia
1035 2992 1128 3055 Pater
1137 2990 1168 3052 in
1180 3010 1228 3081 eo,
1244 2997 1278 3052 et
1287 2989 1340 3053 ille

341 3093 372 3154 in
387 3095 475 3158 nobis
488 3096 641 3178 quomodo
655 3094 823 3159 voluntatis
836 3094 939 3157 unitas
954 3092 1112 3166 asseritur,
1130 3111 1225 3174 quum
1244 3099 1341 3154 natu·
1397 3083 1402 3089 ’

342 3197 414 3261 ralis
437 3220 493 3283 per
516 3206 740 3263 sacramentum
757 3196 929 3281 proprietas
948 3194 1090 3279 perfectae
1112 3200 1342 3257 sacramentum

342 3297 382 3360 sit
396 3299 533 3362 unitatis.
552 3300 625 3362 Non
640 3306 687 3362 est
696 3299 829 3361 humano
841 3304 895 3359 aut
909 3295 1012 3359 saeculi
1026 3315 1116 3358 sensu
1127 3293 1159 3355 in
1171 3292 1232 3356 Dei
1248 3295 1344 3357 rebus

341 3397 538 3479 loquendum,
546 3419 645 3480 neque
653 3418 708 3481 per
716 3396 892 3460 violentiam
905 3405 998 3478 atque
1007 3395 1215 3477 impudentem
1224 3394 1343 3476 praedi-

342 3495 492 3558 cntionem
512 3495 679 3558 coelestium
703 3495 854 3558 dictorum
880 3494 979 3558 sanati
996 3493 1101 3556 alienae
1120 3502 1214 3574 atque
1236 3491 1344 3576 impia)

342 3592 548 3677 intelligentie
560 3594 770 3676 extorquenda
781 3594 968 3678 perversitas
979 3599 1036 3656 est.
1050 3593 1126 3671 Quae
1138 3591 1254 3675 scripta
1268 3602 1346 3657 sunt

343 3690 1341 3777 legimuS,intelligamus;ettuncperfectaefideiofficiofungemur.

343 3792 392 3856 De
411 3792 542 3854 naturali
556 3791 636 3854 enim
651 3791 683 3854 in
698 3791 785 3855 nobis
804 3792 935 3857 veritate
949 3813 1017 3876 quae
1037 3792 1165 3856 dicimus
1177 3791 1237 3854 nisi
1251 3794 1343 3856 abeo

343 3889 514 3966 didicimus,
529 3883 622 3956 stulte
634 3899 729 3976 atque
741 3891 834 3976 impie
848 3893 987 3956 dicimus.
1003 3879 1074 3975 Ipse
1085 3890 1167 3954 enim
1178 3890 1242 3953 ait:
1259 3890 1343 3955 Caro

343 4010 413 4052 mea
432 4009 505 4052 vere
524 3999 572 4053 est
587 4011 672 4066 esca,
691 4000 724 4055 et
744 3991 868 4075 sangnis
890 4011 976 4054 meus
995 4011 1067 4055 vere
1086 3997 1134 4054 est
1153 4001 1268 4073 potus:
1289 3992 1344 4074 qui

344 4087 408 4150 edit
418 4109 540 4152 carnem
552 4097 694 4154 meamet
706 4091 783 4155 bibit
795 4091 974 4175 sanguinem
985 4111 1099 4165 meum,
1112 4090 1144 4150 in
1160 4109 1209 4151 me
1221 4096 1340 4163 manet,

346 4194 378 4249 et
389 4208 446 4272 ego
458 4188 489 4250 in
499 4209 546 4251 eo.
560 4191 610 4252 De
625 4191 757 4254 veritate
769 4190 869 4253 carnis
880 4197 912 4253 et
924 4189 1078 4274 sanguinis
1089 4209 1148 4252 non
1159 4193 1207 4250 est
1217 4186 1344 4252 relictus

347 4288 518 4372 ambigendi
535 4288 628 4352 locus.
650 4290 741 4353 Nunc
758 4289 838 4352 enim
855 4289 950 4373 ipsius
964 4289 1088 4354 Domini
1103 4286 1292 4372 professione
1312 4297 1343 4352 et
