3184 5442
554 723 672 765 ouossn
695 723 728 765 mi
753 724 803 765 nr.
828 724 869 766 an
891 723 1040 768 coamrn.
1253 705 1296 768 75

294 859 430 946 gloriosi,
448 861 514 923 sive
528 859 605 923 viles
616 879 671 924 seu
681 858 820 937 infames,
836 861 901 925 sive
911 863 999 925 bonae
1010 861 1101 926 samoe
1116 862 1292 926 habeamur.

294 997 340 1009 -
362 963 397 1023 A
413 958 554 1039 dextris,
571 973 602 1022 et
621 983 642 1021 α
664 968 818 1023 sinistris.
831 960 843 1047 ]
857 961 1065 1026 Exhibeamus
1084 983 1152 1037 noS,
1177 961 1292 1026 scilicet

294 1061 353 1125 Dei
378 1060 535 1125 ministros
559 1059 715 1124 habendos
734 1060 898 1146 justitiam,
920 1062 1009 1145 quasi
1028 1061 1148 1138 libram,
1166 1068 1202 1124 ut
1229 1083 1290 1125 non

294 1161 482 1244 pendeamus
500 1159 532 1221 in
544 1158 623 1223 hano
645 1166 777 1242 partem,
793 1160 844 1224 vel
857 1161 889 1223 in
905 1160 998 1237 hanc,
1015 1161 1047 1225 id
1062 1167 1121 1236 est,
1135 1182 1195 1224 non
1207 1160 1291 1224 fran-

293 1279 403 1344 gamur
428 1259 566 1324 adversis
590 1280 647 1323 nec
670 1259 824 1324 elevemur
850 1261 1013 1345 prosperis.
1042 1296 1083 1310 -
1106 1259 1291 1348 Ignobtlita-

295 1373 369 1423 tem.
384 1359 397 1446 ]
411 1360 471 1424 Per
493 1359 621 1444 gloriam
648 1359 846 1424 exhibeamus
863 1381 920 1424 nos
942 1361 1021 1426 deut
1042 1361 1103 1426 Dei
1122 1361 1288 1435 urinistros,

294 1480 333 1523 ne
351 1460 544 1535 extollamur,
566 1467 598 1523 et
618 1480 673 1543 per
689 1459 931 1546 ignobilitatem,
951 1451 982 1524 id
1002 1469 1063 1538 est,
1081 1460 1247 1536 vilitatem,
1266 1461 1293 1524 si

294 1560 371 1625 viles
394 1559 490 1625 habiti
511 1559 627 1634 simUS,
655 1580 695 1624 ne
720 1559 906 1647 frangamur.
936 1597 977 1610 -
1004 1559 1045 1624 Ut
1072 1559 1292 1646 seductores]

295 1660 392 1740 Quasi
406 1660 521 1724 diceret
535 1681 543 1722 ε
561 1660 594 1724 N
595 1680 634 1723 on
650 1666 700 1724 est
715 1660 888 1724 mirandum
902 1660 928 1724 si
942 1662 1162 1745 vituperamur,
1178 1668 1210 1725 et
1224 1660 1292 1725 lau-

295 1761 419 1836 damur;
437 1762 510 1845 quia
532 1760 583 1825 alii
608 1767 719 1844 putant
739 1783 796 1825 nos
811 1761 1002 1837 seductores,
1020 1760 1070 1825 alii
1092 1782 1233 1835 veraces;
1260 1770 1293 1827 et

294 1861 346 1925 alii
365 1860 520 1937 nesciunt,
538 1868 571 1924 et
589 1868 699 1926 eaetera
720 1882 788 1945 quae
803 1867 983 1943 sequuntur.
1008 1895 1054 1909 —
1081 1859 1127 1923 Os
1149 1873 1292 1923 nostrum

292 1974 382 2048 patet
397 1961 444 2023 ad
461 1983 535 2023 vos.
553 1960 750 2046 ]Redarguit
768 1959 931 2024 avaritiam
951 1981 1073 2034 eorum;
1089 1967 1122 2023 et
1145 1959 1219 2022 dicit
1240 1979 1293 2024 eos

295 2084 316 2126 a
330 2083 365 2126 se
379 2083 441 2125 non
452 2062 604 2145 accepisse
620 2061 795 2126 tenacitatis
810 2061 1001 2144 exemplum
1017 2060 1089 2145 quia
1099 2080 1151 2124 cor
1161 2080 1250 2122 suum
1261 2059 1292 2123 in

296 2162 398 2226 dando
411 2163 557 2246 amplum,
572 2169 605 2226 et
616 2162 777 2226 dilatatum
790 2169 848 2226 est.
876 2198 916 2210 -
940 2161 1014 2226 Non
1029 2158 1292 2248 angustiamini]
1312 2182 1314 2184 ·

294 2263 332 2326 Id
339 2269 398 2339 est,
415 2263 448 2326 in
461 2263 549 2327 nobis
562 2275 622 2326 nou
635 2261 747 2326 videtis
763 2261 923 2347 angristiae,
944 2270 977 2327 et
996 2260 1168 2327 tenacitatis
1184 2281 1291 2324 enem-

295 2363 396 2447 plum;
414 2364 469 2428 sed
488 2363 578 2450 hujus
597 2362 665 2427 vitii
682 2360 780 2426 fomes
794 2370 841 2427 est
861 2362 892 2426 in
914 2362 1080 2428 visceribus
1100 2361 1220 2428 vestris
1250 2397 1290 2411 —

301 2461 474 2550 Tamquam
481 2462 570 2549 filiis
581 2461 665 2524 dico.
680 2460 692 2547 l
706 2461 804 2526 Ordo.
824 2462 995 2546 Tamquam
1020 2462 1093 2527 filiis·
1103 2463 1170 2527 dico
1181 2463 1292 2527 haben·
1336 2471 1338 2474 ’

295 2569 345 2626 tes
361 2564 502 2627 eamdem
518 2561 806 2636 remunerationem,
821 2561 946 2637 scilicet,
961 2584 1054 2646 quam
1066 2585 1122 2628 nos
1131 2564 1288 2629 habemus.

298 2699 342 2711 -
368 2662 405 2727 V
399 2685 435 2725 os
447 2670 530 2724 enim
543 2669 620 2724 estis
635 2659 795 2746 templum.
810 2659 823 2747 ]
839 2661 954 2727 Probat
969 2662 1041 2745 quia
1057 2664 1164 2750 jugum
1182 2663 1292 2728 ducere

297 2784 366 2828 cum
377 2763 549 2827 infidelibus
564 2760 802 2845 aequipollenter.
817 2760 950 2825 Nullum·
962 2762 1111 2846 templum
1125 2762 1185 2827 Dei
1202 2763 1292 2826 debet

297 2863 409 2928 habere
425 2883 604 2928 consensum
623 2881 692 2924 oum
708 2860 817 2924 idolis:
833 2883 888 2926 vos
909 2869 1012 2926 autem
1034 2863 1108 2926 estis
1120 2863 1289 2945 templum,

299 2964 371 3049 quia
393 2964 459 3048 ipse
470 2962 589 3026 habitat
607 2961 638 3024 in
660 2961 759 3024 vobis.
776 2961 848 3045 Ipse
870 2963 950 3024 enim
966 2961 1061 3040 dixit,
1075 2962 1249 3024 inhabitabo
1261 2962 1292 3024 in

298 3064 385 3128 vobis
399 3087 405 3126 :
419 3068 545 3146 propter
559 3061 641 3145 quod
662 3059 744 3124 exite
765 3061 803 3122 de
825 3059 925 3122 medio
946 3080 1051 3122 eorum
1067 3059 1118 3123 :id
1134 3067 1192 3134 est,
1220 3080 1292 3144 ergo

300 3163 394 3228 nolite
402 3166 511 3250 jugum
529 3162 638 3224 ducere
653 3180 721 3224 cum
737 3158 917 3221 infidelibus
940 3157 1046 3221 Utitur
1066 3167 1170 3222 autem
1191 3159 1293 3235 verbis

300 3264 461 3349 Prophetae
472 3284 527 3348 pro
539 3262 611 3326 suia.
638 3298 682 3309 -
710 3258 869 3345 Quoniam
886 3257 1079 3323 inhabitabo.
1096 3258 1161 3344 ]Et
1171 3260 1238 3323 Joel
1250 3260 1294 3323 sia

300 3364 392 3428 dicit:
405 3364 529 3426 Ponam
548 3360 783 3424 tabernaculum
803 3383 904 3423 nteum
920 3368 953 3422 in
972 3367 1038 3440 eis;
1055 3374 1086 3422 et
1101 3383 1159 3447 ego
1178 3382 1231 3424 ero
1246 3369 1292 3422 eis

305 3462 406 3541 Deas;
431 3475 462 3526 et
484 3470 547 3549 insi
582 3475 673 3524 erant
702 3460 780 3523 arilei
805 3462 955 3548 populus.
983 3498 1023 3510 —
1047 3462 1185 3548 Propter
1211 3460 1296 3548 qaod

302 3574 397 3629 exite.
412 3565 469 3651 ]In
482 3566 562 3631 Isaia
574 3565 617 3630 sio
629 3565 741 3649 legitur
756 3590 762 3628 :
775 3564 933 3645 Recedite,
948 3563 1095 3645 recedite,
1106 3573 1191 3629 exite
1202 3563 1288 3641 inde,

295 3665 451 3752 pollutam
462 3664 559 3727 nolite
577 3678 719 3750 tangere.

725 3958 794 3999 CAP.
821 3958 878 3999 Vll.

346 4159 420 4222 Non
434 4159 480 4222 ad
491 4157 815 4244 condemnantem]
831 4159 869 4223 Id
883 4165 942 4235 est,
960 4179 1020 4221 non
1033 4166 1196 4242 propterea
1209 4177 1293 4221 oom-

303 4281 449 4338 memoro,
465 4267 499 4326 ut
513 4261 619 4326 callide
634 4261 733 4326 dicam
747 4280 804 4324 vos
817 4256 924 4324 fecisse
936 4259 1017 4343 quod
1026 4279 1076 4322 me
1085 4255 1191 4321 fecisse
1201 4276 1291 4340 nego.
