3184 5442
344 708 388 770 50
723 725 755 765 n.
781 722 956 766 musmucr

345 869 391 951 git
410 865 539 951 legalem
558 863 712 926 maritum.
732 861 819 926 Sicut
842 864 873 926 in
893 858 1084 944 Evangeho:
1105 860 1151 922 Et
1174 861 1226 924 hic
1249 885 1340 950 quem

345 965 453 1040 habes,
471 987 535 1026 non
548 975 596 1025 est
607 975 678 1024 tuus
695 969 758 1024 vir.
786 997 841 1030 -f
855 958 990 1045 Quodsi
1001 958 1216 1048 discesserit]
1231 964 1341 1029 Disce-

345 1051 418 1143 dere
431 1085 491 1126 non
506 1068 620 1145 potest,
644 1066 774 1144 excepte
794 1080 887 1125 cause
908 1057 1133 1134 fornicationis,
1155 1060 1215 1123 nisi
1234 1063 1341 1146 utique

346 1164 534 1230 continenter
545 1183 585 1224 ex
595 1182 743 1225 consensu
751 1160 869 1224 vivant.
897 1195 937 1207 -
961 1157 1192 1238 Sanctificatus
1201 1174 1249 1223 est
1259 1162 1342 1247 vin]

345 1263 383 1325 Id
392 1270 440 1326 est
450 1263 598 1335 mundus;
616 1268 648 1324 et
658 1260 772 1323 nullam
786 1280 827 1322 ex
841 1260 907 1344 ejus
919 1252 1141 1342 conjunctione,
1158 1260 1267 1325 mulier
1279 1261 1340 1324 im-

346 1359 660 1442 munditiempatitur.
686 1395 725 1407 -
750 1357 845 1420 Nune
856 1358 1202 1444 attentaverimus]
1224 1360 1261 1424 Id
1278 1368 1338 1436 est,

347 1459 463 1525 mundi.
480 1460 516 1523 In
530 1478 654 1523 causam
663 1457 742 1522 redit
751 1477 806 1521 cur
813 1456 861 1519 vir
871 1455 969 1520 fidelis
979 1455 1112 1521 mulieris
1123 1457 1269 1535 hrfidelis,
1286 1469 1342 1526 aut

347 1560 454 1626 mulier
469 1559 566 1622 fidelis
585 1557 643 1621 viri
656 1556 795 1632 infidelis,
816 1555 980 1620 divortium
997 1575 1132 1638 quaerere
1144 1578 1206 1620 non
1216 1559 1340 1624 debeat.

347 1695 392 1709 --
418 1657 637 1744 Unusquisque
656 1664 690 1719 in
708 1678 782 1743 qua,
806 1654 885 1740 ete]
901 1655 1129 1738 Unusquisque,
1150 1657 1261 1740 inquit,
1280 1679 1343 1741 qus

347 1758 507 1823 vocatione
518 1764 645 1821 vocotus
658 1763 707 1822 est
719 1757 760 1820 ad
772 1756 875 1825 fidem,
895 1756 989 1820 debet
1005 1755 1177 1830 ambulare;
1193 1778 1266 1822 narn
1280 1757 1341 1846 cir·

348 1857 513 1932 cumcisus,
534 1856 567 1920 in
586 1854 811 1920 circumcisione
836 1855 877 1918 ad
895 1854 986 1919 fidem
1005 1861 1151 1930 vocatus,
1174 1877 1235 1919 non
1252 1857 1343 1922 debet

347 1957 428 2020 nolle
439 1955 632 2022 circumcisus
645 1954 736 2018 fuisse
749 1977 755 2016 ε
774 1954 818 2018 sic
837 1960 869 2016 et
886 1952 1086 2036 praeputiatus
1099 1977 1107 2027 ;
1122 1953 1195 2036 quie
1209 1953 1341 2019 circum-

347 2056 421 2121 cisio
435 2056 484 2120 vel
497 2055 679 2138 preputium
694 2053 769 2117 nihil
783 2052 918 2125 valetud
932 2051 1150 2117 beatitudinem
1169 2074 1343 2136 promeren-

348 2158 429 2221 dam.
440 2155 532 2218 Valet
543 2152 623 2218 enim
638 2152 735 2216 solum
754 2150 948 2216 observantie
968 2152 1180 2218 mundatorum
1200 2153 1272 2218 Dei.
1297 2189 1343 2204 -

348 2254 464 2316 Servus
477 2266 613 2316 vocatus
625 2253 702 2338 eei]
717 2253 753 2318 Irl
764 2259 823 2327 est,
835 2273 890 2335 per
901 2253 976 2317 alins
987 2259 1091 2335 partes
1102 2274 1207 2318 servus
1215 2261 1343 2320 vocatus

348 2353 500 2428 adfidem,
512 2352 589 2416 nolit
599 2353 665 2416 fieri
678 2352 772 2417 liber:
790 2359 839 2416 est
853 2351 933 2416 enim
955 2351 1049 2418 liber:
1064 2354 1109 2417 Et
1121 2352 1182 2418 Dei
1195 2352 1271 2417 liber
1284 2374 1343 2416 vo·

348 2433 435 2515 cetus
456 2451 498 2514 ed
515 2451 626 2527 fidem,
650 2451 728 2516 nolit
740 2445 807 2516 fieri
828 2471 951 2526 servus,
966 2460 1014 2517 est
1024 2452 1105 2517 enim
1122 2473 1246 2526 servus,
1270 2453 1344 2536 quie

348 2548 478 2624 Christi,
498 2570 570 2614 nam
590 2551 655 2637 ejus
674 2557 722 2615 est
741 2551 911 2634 emptitius.
939 2586 979 2600 -
1003 2551 1119 2637 Magis
1132 2550 1251 2636 utere]
1265 2551 1341 2616 Ser·

348 2648 446 2714 vitute
461 2651 606 2713 utendum
619 2650 767 2732 imperat,
790 2649 863 2733 quie
878 2657 992 2732 quanto
1012 2650 1082 2732 quis
1099 2657 1223 2733 propter
1240 2650 1344 2715 Deum

348 2747 519 2830 despectior
537 2755 586 2813 est
603 2749 634 2813 in
654 2749 712 2814 hoc
728 2751 855 2821 seculo:
881 2757 969 2815 tento
988 2748 1087 2833 magis
1106 2749 1289 2815 exaltabitur
1311 2750 1343 2813 in

220 2845 233 2872 ‘
347 2846 461 2913 futuro·
486 2883 531 2897 -
556 2847 621 2932 Qut
635 2857 719 2912 enim
731 2857 764 2912 iu
776 2851 911 2915 Domino
920 2861 1068 2913 cccmus.
1080 2848 1093 2935 ]
1107 2849 1200 2915 Ratio
1214 2869 1268 2915 cur
1280 2869 1342 2913 non

348 2947 459 3012 debeat
472 2968 540 3012 esse
552 2968 651 3025 curae,
670 2949 817 3014 siservus
830 2957 957 3013 vocatus
980 2955 1037 3013 est.
1060 2985 1105 2998 -
1126 2947 1272 3011 Libertus
1293 2961 1343 3012 est

348 3046 513 3134 Domini]
527 3048 562 3112 ld
579 3056 643 3121 est,
665 3049 790 3114 libertus
811 3048 936 3115 Domini
957 3056 990 3114 et
1008 3069 1117 3117 servus
1133 3047 1269 3114 Christi:
1287 3049 1343 3113 sed

348 3147 507 3212 honestius
526 3149 706 3215 vocabulum
725 3171 814 3215 servo
829 3149 952 3222 tribuit3
973 3149 1045 3234 quie
1062 3149 1143 3214 servi
1161 3147 1343 3213 vocabulum

349 3250 397 3308 est
415 3243 613 3310 inhonestius.
641 3282 682 3297 -
711 3246 884 3333 Tamquam
912 3241 1199 3329 munusculum]
1222 3241 1342 3307 Miseri-

349 3341 489 3414 corditer,
507 3341 617 3424 inquit,
633 3345 771 3417 consulo;
794 3345 867 3426 quia
886 3343 964 3408 hanc
981 3343 1217 3408 misericordiam
1235 3362 1256 3404 a
1272 3342 1342 3406 Deo

348 3444 528 3500 consecutus
538 3459 617 3514 sum,
631 3440 772 3505 videlicet
789 3448 825 3505 ut
842 3441 874 3505 in
891 3461 962 3504 eum
978 3442 1111 3507 credam.
1138 3477 1183 3489 -
1205 3441 1343 3526 Propter

349 3539 518 3597 instantem
542 3537 792 3622 necessitatem]
822 3539 991 3601 Instantem
1016 3539 1228 3602 necessitatem
1250 3548 1343 3606 vocat

349 3633 506 3715 penuriam
518 3633 606 3724 hujus
617 3635 717 3699 saeculi
730 3657 823 3718 quam
837 3635 1011 3718 frequenter
1018 3636 1174 3719 patiuntur
1187 3636 1343 3721 conjugati

348 3750 404 3812 pro
420 3729 489 3795 filiis
500 3738 531 3794 et
542 3731 660 3796 filiabus
671 3732 850 3807 nutriendis,
866 3752 922 3815 pro
935 3732 1108 3796 seinvicem
1119 3736 1338 3811 sustentandis,

348 3835 583 3913 propterquam
603 3831 777 3907 vitandam,
807 3834 919 3896 bonum
942 3852 1009 3895 esse
1031 3830 1106 3895 dicit
1125 3829 1254 3907 homini,
1275 3833 1341 3896 sine

348 3927 487 4012 conjugio
510 3949 586 3992 esse.
609 3932 668 3993 Est
686 3929 809 4013 quidem
823 3930 949 3995 castitas
968 3931 1133 4007 servanda,
1151 3938 1275 4014 propter
1292 3933 1340 3994 vi-

349 4033 413 4092 nm
425 4034 584 4109 aetemem;
606 4031 662 4094 sed
680 4030 807 4098 infirmis
826 4031 998 4099 doctoribus
1020 4031 1170 4097 infirmam
1191 4031 1339 4095 rationem

349 4127 519 4209 praetendit.
547 4164 588 4186 ε-
612 4127 776 4215 Alligatus
790 4153 825 4194 es
835 4136 939 4194 uxori.
952 4129 963 4216 ]
978 4130 1028 4195 Ne
1042 4132 1167 4196 laudate
1177 4130 1337 4206 castitate,

349 4245 475 4290 uxorem
495 4227 605 4311 aliquis
628 4229 720 4294 vellet
739 4229 908 4308 dimittere,
936 4230 992 4294 hoc
1006 4233 1169 4318 subjungit.
1199 4266 1238 4278 -
1262 4227 1329 4292 Nol
1335 4236 1342 4247 '
