3184 5442
400 751 444 824 54
782 769 813 809 n.
839 766 1012 809 muranum

401 908 585 996 geliraverit.
611 943 651 956 -
682 905 760 968 Cum
784 904 863 968 liber
882 927 992 971 essem.
1011 904 1023 990 ]
1049 905 1145 984 Quasi
1167 907 1307 972 diceret:
1336 910 1399 989 Qui

401 1011 500 1096 majus
527 1006 616 1082 secit;
646 1005 678 1070 id
704 1006 785 1089 quod
807 1005 908 1070 minus
936 1016 1001 1081 est,
1028 1005 1182 1091 negligere
1206 1027 1268 1071 non
1292 1010 1396 1075 debet.

401 1109 505 1195 Majus
526 1107 607 1171 enim
630 1127 751 1170 servum
772 1127 807 1170 se
829 1107 969 1170 omnibus
986 1105 1106 1183 facere,
1128 1128 1223 1191 quam
1241 1118 1400 1193 sumptum

402 1211 441 1273 ab
460 1208 648 1274 auditoribus
661 1229 721 1271 non
740 1207 888 1290 accipere.
908 1206 1053 1270 Liberum
1069 1213 1173 1272 autem
1188 1229 1223 1271 se
1240 1207 1334 1273 fuisse
1350 1210 1400 1273 di-

402 1309 444 1374 cit
469 1330 509 1373 ex
529 1307 684 1379 omnibus;
711 1305 784 1389 quia
803 1308 860 1370 sub
880 1304 990 1369 nullius
1009 1307 1105 1392 jugo,
1130 1307 1205 1370 nulli
1230 1309 1400 1392 quidquam

402 1410 543 1474 debebat.
569 1443 610 1456 -
633 1405 772 1470 Nescitis
786 1404 873 1492 quod
883 1405 927 1468 Izi.
943 1404 955 1491 ]
968 1406 1077 1470 Monet
1086 1426 1139 1470 eos
1151 1427 1213 1470 non
1224 1407 1269 1471 ita
1279 1428 1400 1472 numere

403 1510 527 1581 debere;
546 1507 624 1572 sicut
639 1507 691 1590 qui
706 1506 738 1569 in
754 1505 854 1570 stadio
869 1514 1004 1570 currunt.
1024 1506 1141 1571 Omnes
1156 1506 1238 1571 enim
1254 1517 1396 1589 currunt,

326 1640 332 1649 ·
403 1611 556 1672 sedunus
579 1606 690 1691 accipit
710 1607 857 1669 bravium.
883 1604 1005 1670 Fideles
1022 1613 1126 1671 autem
1146 1606 1174 1670 si
1197 1608 1275 1672 bene
1290 1628 1400 1672 cucur·

403 1709 513 1784 rerint,
531 1727 636 1771 ornnes
650 1707 883 1772 coronabuntur.
910 1741 955 1754 —
974 1706 1044 1792 Qui
1059 1713 1093 1768 in
1108 1705 1214 1768 stadio
1232 1707 1399 1794 currant]

403 1811 493 1895 Ego,
521 1806 640 1891 inquit,
669 1805 768 1871 factus
791 1805 893 1870 omnia
919 1805 1079 1879 omnibus,
1107 1805 1151 1870 sia
1176 1826 1264 1870 curro
1287 1808 1400 1892 praedi-

404 1909 521 1984 cando,
539 1914 576 1971 ut
596 1906 851 1991 comprehendam
871 1905 1010 1970 bravium
1032 1904 1210 1991 Evangelii,
1231 1913 1263 1970 et
1281 1926 1338 1970 vos
1356 1907 1401 1973 sia

404 2011 516 2073 currite
542 2015 578 2072 ut
600 2007 881 2090 comprehendatis,
908 2006 993 2070 scitis
1018 2005 1099 2069 enim
1126 2005 1198 2089 quia
1221 2009 1401 2091 omnesqui

404 2107 449 2172 ita
466 2112 606 2181 curnrnt,
626 2104 788 2188 aecipiunt.
817 2141 857 2153 -
882 2104 950 2167 Sed
976 2113 1098 2192 castigo
1124 2127 1238 2191 corpus
1260 2106 1401 2193 meam]

405 2208 589 2290 Exemplum
608 2205 694 2288 ponit
714 2226 753 2268 ne
774 2203 939 2269 Christiani
954 2214 1079 2290 propter
1098 2206 1195 2270 solam
1216 2207 1324 2281 fidem,
1342 2206 1402 2270 nisi

405 2306 482 2368 bene
500 2311 680 2388 operentur,
707 2310 739 2366 et
761 2325 781 2367 a
802 2305 937 2387 peccatis
951 2305 1142 2385 abstineant,
1163 2304 1265 2370 savos
1282 2327 1317 2369 se
1336 2304 1401 2370 fore

406 2405 570 2468 confidant.

835 2723 905 2764 CAP.
931 2722 965 2763 X.

451 2894 535 2959 Nolo
555 2904 638 2958 enim
658 2918 732 2970 vor,
751 2897 833 2982 eta]
857 2896 998 2984 Objectio
1010 2917 1018 2960 ε
1032 2898 1145 2962 Nullus
1169 2899 1401 2983 baptizatusre-

407 2996 601 3081 probabitur:
616 2998 699 3081 quod
712 2999 822 3082 probat
833 3019 888 3082 par
901 2997 1048 3082 patresin
1061 2998 1138 3063 mari
1146 2999 1250 3063 Rubro
1258 3000 1401 3085 baptiza-

407 3095 1402 3182 tosconformatione,qui,quiabenenon0peratisunt,indeserta

408 3196 572 3278 perierunt.
599 3233 644 3246 -
670 3196 829 3282 Quoniam
832 3211 957 3284 patres,
972 3210 1031 3261 etc.
1045 3196 1253 3284 ]Exemplum
1268 3199 1326 3263 hoa
1343 3220 1402 3282 po·

408 3294 465 3365 nit,
483 3317 522 3359 ne
537 3295 703 3360 Christiani
714 3308 839 3382 propter
854 3299 951 3365 solam
967 3299 1076 3374 fidem,
1093 3299 1291 3383 baptismum,
1306 3305 1338 3363 et
1347 3319 1403 3363 aa

409 3398 476 3455 tera
485 3393 695 3469 Sacramenta,
713 3395 772 3458 nisi
786 3397 864 3459 bene
875 3404 1048 3479 operentur,
1066 3398 1295 3480 etsiapecaatis
1307 3398 1403 3463 absti-

408 3496 519 3565 neant,
538 3491 684 3555 salvasse
704 3512 773 3557 esse
788 3495 950 3558 confidant.
976 3529 1021 3542 -
1048 3493 1167 3557 Omnes
1190 3497 1331 3560 eamdem
1351 3520 1404 3561 es·
1466 3532 1469 3539 ·

409 3588 517 3675 cam]
537 3590 573 3654 ld
590 3598 648 3666 est,
664 3591 785 3674 qualem
797 3599 949 3667 reatores;
974 3594 1068 3657 talem
1090 3600 1121 3658 et
1142 3593 1194 3676 qui
1205 3597 1401 3678 regebantur,

409 3686 551 3754 videlicet
563 3710 686 3754 manna.
715 3726 755 3741 -
779 3692 898 3754 Escam
915 3691 1124 3779 spiritualem.
1137 3692 1149 3779 ]
1164 3692 1200 3756 ld
1219 3700 1284 3770 est,
1310 3697 1403 3781 spiri-

409 3788 523 3853 tualem
545 3788 776 3875 intelligentiam
793 3792 973 3870 habentem,
994 3791 1108 3858 scilicet
1125 3794 1260 3877 eorporis
1275 3795 1403 3861 Christi·

412 3923 452 3936 -
480 3886 697 3976 consequente
707 3913 773 3954 eos.
786 3889 798 3977 ]
811 3890 885 3954 Non
898 3912 1006 3955 revera
1016 3905 1105 3974 petra
1116 3895 1300 3977 sequebatur
1313 3916 1404 3960 exer-

409 3986 519 4052 eitum:
544 3989 599 4054 sed
619 4010 701 4074 aqua
710 3989 809 4055 fluens
823 3992 862 4054 de
876 3999 975 4075 petra.
999 3990 1195 4074 spiritualem
1214 4001 1317 4058 autem
1334 4015 1403 4059 earn

409 4095 516 4164 vocat,
544 4088 617 4172 quia
640 4090 828 4173 spiritualem
859 4089 1089 4175 intelligentiam
1117 4093 1148 4156 in
1173 4114 1208 4158 se
1230 4095 1404 4159 continebat

410 4185 576 4253 Christum.
602 4224 646 4237 —
670 4189 737 4252 Sed
752 4213 816 4252 aon
829 4198 863 4252 ia
879 4190 1038 4276 pluribus.
1051 4191 1063 4277 ]
1075 4192 1170 4271 Quasi
1183 4193 1317 4258 diceret:
1341 4196 1401 4259 Sa-

410 4296 567 4355 cramenta
580 4299 667 4356 erant
693 4294 816 4365 eadem;
846 4294 899 4356 sed
921 4293 984 4359 vita
1000 4293 1135 4372 diversa,
1154 4301 1247 4378 atque
1269 4295 1337 4358 ideo
1353 4295 1402 4358 alii
