3184 5442
504 713 621 754 ocosse
644 714 676 753 nu
700 714 749 754 nr.
775 714 816 754 An
841 715 931 756 naon.
1159 699 1220 762 137

653 1063 721 1105 CAP.
747 1063 805 1105 VII.

274 1263 337 1324 Hic
354 1270 436 1323 enim
453 1256 696 1326 Melchisedech.
710 1263 827 1349 lRatio
846 1282 898 1326 our
913 1265 1075 1327 secundum
1088 1265 1222 1328 ordinem

230 1361 452 1425 Melchisedech
476 1361 620 1426 Pontifex
640 1362 738 1428 factus
759 1363 799 1426 sit
817 1363 973 1439 ChristuS,
986 1370 1017 1427 et
1039 1384 1099 1426 non
1119 1385 1223 1427 secun·

231 1460 302 1523 dum
315 1462 451 1524 ordinem
474 1461 645 1525 Leviticum
659 1515 665 1535 ‚
680 1463 821 1526 videlicet
835 1463 907 1545 quia
921 1462 1045 1549 majoris
1065 1463 1223 1548 dignitatis

231 1567 278 1623 est
294 1561 527 1625 Melchisedech.
553 1562 637 1626 Nam
652 1563 678 1625 si
699 1564 895 1645 reprobamur
915 1563 1078 1627 maledicto
1091 1564 1223 1646 proximi

230 1660 365 1734 erimus;
390 1668 420 1725 et
445 1663 555 1744 probat
580 1683 599 1725 a
621 1661 732 1725 simili:
750 1683 822 1725 nam
843 1663 869 1724 si
895 1662 1068 1745 germinans
1097 1663 1223 1727 tribulos

229 1759 368 1841 proxima
392 1767 439 1822 est
461 1759 642 1833 maledict0;
660 1766 692 1823 et
716 1758 905 1843 hoo'probat
924 1761 1127 1856 acontrario;
1150 1782 1222 1825 nam

229 1859 402 1943 germinans
413 1859 538 1923 herbam
553 1859 694 1942 proxima
706 1867 754 1923 est
767 1859 979 1923 benedictioni.
1007 1897 1047 1908 -
1071 1860 1150 1923 Sine
1156 1884 1223 1946 po-

230 1957 312 2044 rra]
333 1959 404 2022 Non
429 1978 535 2021 revera
559 1959 624 2021 sine
648 1966 736 2042 patre
759 1967 791 2021 et
815 1965 914 2022 matre
936 1957 1013 2032 fuit;
1040 1980 1096 2024 nec
1115 1981 1223 2024 revera

228 2058 315 2121 initio
330 2065 362 2121 et
371 2059 430 2120 fine
441 2058 559 2121 dierum
575 2059 691 2133 caruit;
706 2058 761 2121 sed
772 2058 868 2132 unde,
882 2065 914 2121 et
932 2059 1053 2140 quando
1069 2065 1154 2123 ortus
1168 2060 1219 2134 sit,

229 2158 277 2220 vel
291 2179 353 2241 quo
367 2166 504 2240 tempore
515 2156 639 2226 obierit,
653 2157 802 2240 scriptura
816 2178 876 2219 non
891 2166 1119 2225 commemorat.
1133 2158 1222 2223 Illum
1279 2219 1284 2230 ,

229 2278 360 2340 namque
383 2257 591 2340 significabat,
622 2256 674 2340 qui
697 2277 805 2320 revera
831 2278 888 2321 nec
912 2262 1030 2340 patrem
1058 2259 1222 2327 secundum

228 2356 470 2432 humanitatem,
484 2378 540 2421 nec
555 2364 685 2420 matrem
700 2409 707 2432 ,
722 2378 777 2421 nec
791 2357 909 2420 initium
924 2408 930 2432 ,
945 2357 995 2421 vel
1008 2357 1100 2421 finem
1113 2378 1222 2422 secun·

227 2458 300 2520 dum
327 2457 517 2520 divinitatem
546 2458 704 2520 habiturus
728 2465 803 2521 erat.
831 2493 875 2505 —
898 2456 1010 2519 Monet
1036 2457 1222 2544 sacerdos]

228 2555 452 2621 Melchisedech
471 2577 532 2619 non
553 2556 666 2620 mansit
684 2556 715 2618 in
733 2565 931 2641 perpetuum,
950 2558 1004 2620 scd
1027 2556 1224 2622 sacerdotalis

228 2656 293 2741 ejus
307 2655 483 2721 constitutio
496 2664 601 2719 manet
620 2655 650 2718 in
665 2664 857 2739 perpetuum.
883 2692 927 2704 -
952 2656 1001 2718 De
1008 2656 1096 2742 filiis
1111 2656 1198 2721 Levi.
1211 2656 1223 2742 ]

228 2755 277 2818 De
298 2755 446 2839 superiori
464 2755 616 2819 sententia
639 2756 697 2819 hoc
721 2756 870 2843 objicitur.
895 2756 991 2833 Quasi
1008 2757 1118 2840 aliquis
1143 2756 1225 2820 dice-

228 2862 292 2919 ret:
306 2856 380 2920 Non
399 2862 488 2938 potes
505 2856 635 2938 probare
652 2855 876 2919 Melchisedech
898 2876 952 2938 per
970 2856 1026 2918 hoc
1040 2855 1225 2938 superiorem

140 2960 144 2969 '
229 2953 379 3034 Abrahae,
401 2954 473 3038 quia
495 2955 629 3018 decimas
648 2957 687 3018 ab
706 2976 742 3018 eo
760 2955 895 3038 accepit;
908 2953 981 3037 quia
1001 2955 1174 3018 sacerdotes
1188 2954 1227 3016 de

228 3053 307 3117 tribu
320 3053 398 3117 Levi
412 3055 451 3116 ab
465 3053 534 3117 aliis
550 3054 688 3119 tribubus
706 3054 873 3118 secundum
884 3054 983 3137 legem
997 3052 1130 3117 decimas
1144 3053 1226 3115 acciu

229 3154 335 3236 piunt,
349 3152 460 3217 fratres
478 3153 624 3217 sciliceta
639 3153 781 3218 fratribus
795 3204 802 3225 ,
821 3161 853 3217 et
871 3152 1039 3236 coaequales
1053 3173 1073 3215 a
1085 3172 1225 3235 coaequa·

227 3253 315 3317 libus.
342 3290 386 3301 -
409 3253 487 3315 Sine
501 3253 566 3316 ullo
579 3253 713 3339 cotem]
725 3252 915 3336 Responsio,
931 3251 1003 3315 novi
1014 3251 1059 3315 ita
1073 3272 1150 3314 esse.
1165 3251 1226 3315 Sed

227 3352 451 3418 Melchisedech
462 3374 522 3415 non
541 3355 753 3416 tantummodo
766 3353 900 3417 decimas
914 3351 1048 3434 accepit,
1065 3352 1118 3414 sed
1133 3350 1225 3416 etiam

227 3453 384 3517 Abraham
407 3452 587 3529 benedixit,
606 3475 642 3518 ac
663 3475 717 3537 per
740 3455 799 3517 hoc
819 3453 883 3516 sine
907 3453 970 3516 ulla
989 3451 1225 3516 contradictione

226 3555 323 3639 major
340 3574 376 3616 eo
397 3560 465 3627 est,
489 3553 562 3635 quia
584 3553 683 3616 minor
703 3575 723 3617 a
740 3554 864 3616 meliore
885 3572 1006 3634 semper
1023 3551 1221 3616 benedicitur.

229 3686 267 3699 -
294 3653 441 3714 Decimus
456 3661 638 3716 morientes.
648 3652 661 3739 ]
673 3654 768 3732 Quasi
783 3653 913 3718 diceret:
934 3654 995 3717 Per
1006 3652 1062 3716 hoc
1072 3673 1133 3714 non
1151 3674 1224 3736 pos-

227 3772 331 3815 sumus
351 3753 521 3835 approbare
540 3753 764 3817 Melchisedech
777 3752 872 3817 fuisse
886 3752 1107 3825 immortalem,
1123 3751 1222 3827 idest,

226 3849 413 3935 significasse
434 3852 655 3927 immortalem,
671 3852 742 3935 quia
757 3853 890 3916 decimas
903 3851 1063 3916 Abraham
1085 3850 1203 3934 accepit
1216 3874 1223 3925 ;

230 3950 303 4033 quia
314 3950 363 4014 hic
374 3950 468 4014 etiam
485 4002 491 4026 ,
505 3951 537 4013 id
551 3959 599 4014 est
613 4002 619 4026 ,
638 3951 669 4013 in
685 3952 752 4034 lege
768 3959 800 4015 et
815 3950 983 4015 sacerdotio
1001 3948 1138 4014 Levitico
1158 3971 1227 4012 mo·

229 4049 342 4113 rientes
355 4049 494 4113 homines
506 4048 638 4112 decimas
650 4049 813 4133 accipiunt.
827 4050 890 4114 Sed
902 4048 956 4124 ibi,
967 4048 1024 4113 hoc
1038 4055 1086 4112 est
1098 4047 1148 4110 ubi
1163 4047 1228 4111 sine

227 4155 315 4230 patre
329 4157 360 4211 et
372 4158 480 4223 matre,
492 4148 555 4212 sine
570 4148 655 4212 initio
668 4157 699 4212 et
713 4151 772 4212 tino
782 4150 899 4212 dierum
909 4147 1059 4231 scriptura
1068 4167 1137 4209 eum
1149 4167 1229 4210 com·

231 4257 387 4310 memorat
401 4270 408 4321 ;
426 4256 531 4330 oporte
544 4256 732 4313 contestatur
748 4249 816 4331 ipsa
839 4246 1074 4331 Scripturuquia
1089 4244 1179 4320 vivit,
1197 4244 1227 4307 id
1250 4252 1253 4259 '
