3184 5442
339 733 383 794 60
719 751 750 792 u.
777 750 953 793 caurorum

336 899 463 966 serunt,
480 891 529 954 vel
544 888 700 954 Christum
717 941 724 964 ,
742 891 793 972 qui
809 889 953 953 Ecclesiae
967 895 1059 972 caput
1074 898 1133 953 est.
1158 924 1203 937 -
1225 892 1337 954 AEmu-

338 990 449 1052 lanuini
472 987 705 1074 charismata]
731 988 881 1052 Corinthii
905 1008 1096 1071 summopere
1120 987 1337 1055 desiderabant

338 1089 469 1172 gratiam
484 1089 676 1174 linguarum:
701 1090 757 1152 sed
776 1088 916 1151 hortatur
937 1108 992 1150 eos
1011 1088 1199 1171 Apostolus,
1213 1095 1249 1153 ut
1268 1111 1335 1153 me-

337 1189 414 1252 liora
444 1189 629 1254 charismata
654 1189 848 1261 desiderent;
877 1193 918 1251 et'
937 1187 1071 1252 maxime
1097 1189 1228 1273 gratiam
1256 1211 1333 1274 pro-

338 1289 494 1372 phetandi.

754 1606 824 1647 CAP.
850 1605 919 1648 x111.

386 1777 535 1842 Charitas
550 1801 708 1868 nunquam
731 1780 886 1866 excidit]
902 1782 939 1845 Id
953 1788 1001 1845 est
1016 1832 1022 1857 ‚
1041 1781 1143 1846 cadit:
1158 1784 1229 1865 quia
1250 1789 1283 1846 et
1303 1783 1335 1845 in
1365 1801 1369 1807 ’

339 1877 397 1942 hoo
419 1880 529 1944 saeculo
551 1888 619 1955 est,
637 1888 670 1946 et
691 1880 723 1942 in
746 1881 858 1972 futuro.
886 1881 956 1945 Erit
974 1882 1069 1956 fides,
1087 1888 1120 1945 et
1132 1901 1204 1964 spes
1226 1881 1258 1942 in
1278 1881 1335 1946 hoc

340 1980 449 2044 saeculo
465 1989 598 2047 tantum.
625 2018 665 2031 -
690 1982 870 2069 Prophetioe
889 1980 1129 2045 evacuabuntur.
1142 1980 1154 2065 ]
1168 1981 1203 2044 ln
1219 1979 1269 2042 die
1280 1980 1333 2066 ju-

340 2077 411 2141 dicii
429 2085 461 2143 et
482 2080 642 2162 prophetia
657 2081 864 2156 evacuabitur,
883 2087 916 2144 et
930 2080 1064 2145 varietas
1078 2080 1249 2164 linguarum
1265 2099 1333 2142 ces-

339 2177 440 2252 sabit,
456 2187 488 2243 et
502 2179 629 2242 scientia
649 2181 714 2243 sive
733 2181 955 2244 mundanarum
974 2201 1094 2253 rerum,
1111 2179 1176 2242 sive
1189 2180 1229 2242 ad
1243 2199 1334 2262 quam

339 2275 568 2358 dispositionem
578 2278 764 2360 pervenitur,
775 2279 958 2343 destruetur.
987 2315 1027 2328 -
1051 2277 1331 2366 Experteenim.]

339 2375 435 2452 Quasi
448 2375 579 2440 diceret:
592 2376 665 2440 ldeo
680 2378 842 2462 prophetia
853 2379 1061 2452 evacuabitur,
1076 2388 1108 2444 et
1122 2378 1249 2444 scientia
1262 2379 1332 2442 des·

290 2510 305 2536 k
339 2480 475 2550 truetur,
494 2475 565 2558 quia
579 2496 616 2538 ex
633 2483 721 2560 parte
735 2484 802 2552 est,
816 2477 1026 2560 imperfectum
1042 2487 1089 2543 est
1102 2501 1110 2553 ;
1125 2499 1215 2542 omne
1229 2484 1333 2542 autem

338 2573 421 2655 quod
439 2573 648 2657 imperiectum
665 2582 731 2653 est,
749 2577 956 2642 evacuabitur.
985 2615 1024 2627 -
1054 2578 1140 2640 Tunc
1158 2590 1262 2640 cutem
1276 2600 1331 2639 co-

335 2694 500 2759 grwscam.
514 2673 619 2759 ]Tunc
629 2696 810 2759 cognoscam
826 2675 959 2760 perfecte
972 2677 1091 2752 Deum,
1105 2678 1183 2742 sicut
1194 2675 1332 2761 cognitus

337 2794 405 2836 sum
418 2796 438 2838 a
450 2775 535 2848 De0;
557 2775 589 2839 id
610 2783 658 2839 est
671 2773 818 2858 perfecte.
846 2813 885 2825 -
909 2776 1020 2863 Major
1029 2788 1133 2838 autem
1152 2776 1262 2840 horum
1285 2789 1333 2838 est

338 2874 492 2939 charitas.
505 2875 517 2961 ]
531 2876 612 2941 Item
631 2877 765 2942 ostendit
787 2877 943 2942 meliorem
960 2898 1028 2942 esse
1043 2876 1246 2954 charitatem,
1263 2898 1331 2941 om-

337 2973 428 3038 nibus
441 2974 509 3040 aliis
520 2975 622 3052 donis;
640 2997 712 3040 nam
734 2977 840 3041 melior
851 2984 899 3041 est
912 2977 972 3040 tide
988 3026 994 3051 ‚
1012 2996 1067 3059 spe
1083 2982 1115 3041 et
1134 2975 1271 3048 eaeteris;
1285 2983 1333 3039 est

339 3075 420 3140 enim
435 3077 603 3143 diuturnior
615 3099 623 3152 ;
636 3076 715 3141 unde
730 3087 762 3143 et
772 3101 792 3143 a
801 3077 1039 3162 praecedentibus
1049 3075 1245 3160 principalem
1257 3096 1332 3139 con·

339 3175 435 3242 cludit
449 3178 647 3262 questionem
662 3177 785 3244 dicens:
804 3182 889 3267 Ergo
905 3178 978 3265 quia
991 3177 1097 3241 melior
1108 3184 1156 3241 est
1171 3175 1329 3250 omnibuS,

339 3286 508 3341 sectamini
523 3277 721 3342 charitatem.

752 3590 822 3632 CAP.
849 3589 916 3632 xiv.

383 3770 522 3856 Spiritus
528 3779 632 3830 autem
642 3766 789 3854 loquitur.
801 3763 813 3851 ]
823 3766 860 3829 Id
868 3770 927 3842 est,
939 3760 1080 3846 intelligit
1088 3783 1099 3836 ;
1107 3759 1184 3824 sicut
1192 3758 1335 3824 inEvau·

330 3870 433 3956 'gelioz
445 3868 509 3954 Qui
518 3865 612 3932 babet
621 3890 712 3930 aures
723 3862 1003 3951 audiendipudiot.
1011 3861 1047 3926 ld
1054 3868 1113 3939 est,
1121 3859 1334 3945 intelligam

338 3971 370 4033 iu
384 3968 574 4055 Apocalypsi
587 3990 595 4032 ι
619 3968 683 4054 Qui
694 3967 787 4030 habet
798 3988 918 4043 aurem,
930 3961 1052 4026 audiat.
1078 3998 1122 4011 -
1144 3959 1332 4050 Lapithum]

339 4070 376 4136 In
386 4070 453 4154 ipsa
467 4069 620 4154 incognita
633 4069 736 4154 lingua
749 4092 756 4144 ;
770 4066 904 4152 Spiritus
918 4070 1042 4129 sanctus
1051 4064 1233 4149 loquebatur
1244 4082 1331 4154 mys-

341 4171 420 4237 teria
431 4195 438 4246 ;
448 4171 481 4235 id
495 4177 561 4247 est,
576 4169 739 4256 allegorica
746 4170 856 4248 verba,
871 4187 940 4251 quae
953 4185 1043 4229 nemo
1057 4163 1260 4250 intelligebat,
1274 4161 1332 4225 nisi

343 4273 395 4359 qui
410 4270 539 4360 gratiam
555 4269 773 4357 interpretandi
785 4268 924 4333 habehat.
954 4302 993 4315 -
1017 4263 1128 4351 Magis
1141 4275 1245 4326 autem
1252 4282 1331 4347 pro·
