3184 5442
295 734 358 796 190
672 749 700 788 υ.
729 745 904 787 muranum

299 925 311 945 u
326 891 466 976 Speciem
482 896 585 953 autem
601 894 633 950 et
647 907 702 969 pro
713 878 856 949 'veritate
873 884 1080 968 aecipiendam
1094 885 1241 970 legimus,
1259 897 1292 953 et

294 994 333 1056 de
344 990 482 1064 Christo,
497 996 529 1052 et
542 986 643 1071 specie
662 986 849 1050 inventusut
863 985 970 1062 homo,
989 992 1021 1048 et
1036 986 1075 1048 de
1092 987 1186 1051 Patre
1196 988 1267 1052 Deo
1281 1012 1287 1061 ;

293 1112 392 1175 neque
405 1089 538 1174 speciem
550 1089 615 1174 ejus
633 1085 765 1151 vidistis.
779 1087 860 1149 Item
871 1086 902 1148 in
913 1086 1073 1168 quartode
1084 1087 1144 1149 frde
1155 1087 1196 1150 ad
1206 1089 1292 1152 Gra-

295 1192 430 1257 tianum:
455 1219 467 1242 u
486 1188 565 1253 Caro
586 1188 667 1251 enirn
687 1208 757 1250 mea
772 1206 843 1251 vere
858 1194 907 1252 est
920 1207 1008 1263 esca,
1025 1194 1057 1250 et
1068 1188 1192 1271 sanguis
1205 1209 1294 1252 meus

294 1313 365 1356 vere
387 1300 434 1355 est
456 1296 558 1372 potus,
583 1288 715 1353 Carnem
730 1287 834 1363 audis,
856 1287 1035 1370 sanguinem
1056 1288 1163 1362 audis,
1184 1289 1295 1352 mortis

295 1391 451 1456 dominicae
471 1396 661 1453 sacramenta
675 1386 843 1472 cognoscis,
868 1419 880 1442 n
908 1388 951 1450 Et
971 1387 1062 1470 paulo
1080 1398 1172 1470 post:
1192 1418 1205 1440 u
1225 1390 1295 1452 Nos

295 1501 398 1556 autem
413 1490 664 1573 quotiescumque
675 1492 868 1550 sacramenta
881 1486 1040 1561 sumimus,
1049 1507 1117 1569 quae
1132 1508 1187 1570 per
1198 1509 1294 1552 secrae

296 1590 440 1655 orationis
455 1588 635 1675 mysterium
655 1587 686 1649 in
705 1607 828 1651 carnem
849 1588 1102 1671 transfigurantur
1117 1597 1149 1650 et
1164 1588 1308 1672 sangui-⁴

296 1712 382 1766 nem,
401 1697 531 1753 mortem
543 1687 767 1752 annuntiamus.
783 1719 796 1743 n
811 1688 1003 1772 Augustinus
1016 1688 1048 1750 in
1062 1688 1138 1751 libro
1150 1689 1189 1751 de
1206 1695 1294 1752 cate-

297 1790 449 1854 chizandis
470 1790 612 1853 rudibus:
636 1818 648 1840 u
673 1787 849 1852 Efficiemur
869 1788 949 1851 enim
971 1788 1049 1852 sicut
1065 1790 1104 1852 ab
1118 1788 1171 1851 illo
1185 1808 1292 1871 spera-

298 1911 366 1953 mus
379 1943 386 1966 ,
399 1900 430 1954 et
445 1898 643 1975 expectamus
654 1889 787 1972 aequales
799 1888 928 1972 Angelis
938 1889 1012 1961 Dei;
1028 1895 1139 1952 etcum
1150 1888 1195 1951 eis
1208 1889 1294 1972 pari-

299 2001 345 2054 ter
359 1990 411 2053 illa
424 1990 574 2054 Trinitate
586 1986 773 2072 perfruemur
785 1989 851 2072 jam
865 2009 920 2071 per
935 1988 1067 2071 speciem
1081 2039 1087 2062 ‚
1100 1989 1131 2050 in
1142 2009 1203 2071 qua
1212 2009 1295 2052 nunc

299 2092 459 2175 perfidem
473 2091 665 2153 ambulamus
683 2121 712 2152 u.
738 2088 907 2172 Apostolus
921 2089 961 2152 ad
972 2089 1201 2172 Philippenses:
1225 2119 1239 2142 u
1257 2089 1294 2152 In

299 2189 524 2253 similitudinem
542 2189 698 2252 hominum
719 2186 837 2262 sactus,
855 2196 887 2251 et
903 2187 1009 2251 habitu
1026 2187 1168 2252 inventus
1185 2195 1221 2252 ut
1235 2188 1293 2251 ho-

298 2312 360 2354 mo.
377 2322 389 2343 „
416 2289 495 2351 Item
512 2289 553 2351 ad
564 2289 731 2351 Hebraeos:
752 2318 764 2354 u
788 2272 849 2366 Qui
869 2309 937 2376 curn
951 2286 992 2350 sit
1006 2287 1148 2371 splendor
1166 2289 1290 2372 gloriae,

299 2395 331 2450 et
340 2389 437 2470 figura
450 2386 626 2450 substantiae
638 2387 714 2470 ejus
735 2418 749 2440 n
768 2387 866 2451 Porro
880 2387 1014 2471 signum,
1030 2387 1225 2473 mysterium,
1240 2408 1294 2452 sa-

298 2493 501 2559 cramentum,
520 2493 553 2548 et
572 2485 687 2568 siquid
700 2484 873 2571 hujusmodi
891 2494 958 2562 est,
976 2486 1134 2550 dominieae
1145 2487 1296 2570 passionis

299 2584 488 2667 designativa
501 2584 625 2647 nomina
640 2591 732 2664 suut,
746 2584 772 2647 si
790 2587 894 2650 temeri
908 2594 1132 2650 sacramentum
1147 2607 1185 2650 ea
1198 2586 1296 2671 signi-

299 2684 439 2748 ficatione
463 2684 638 2768 accipiatur,
656 2706 718 2768 qua
731 2707 851 2750 sacrum
871 2705 938 2750 esse
956 2686 1075 2771 signum
1103 2686 1136 2748 in
1155 2685 1232 2749 libro
1257 2689 1297 2750 de

300 2783 434 2848 Civitate
454 2784 513 2848 Dei
536 2805 555 2848 a
579 2786 670 2848 beato
694 2786 870 2870 Augustino
895 2784 1052 2850 diffinitur.
1073 2785 1164 2850 Unde
1187 2787 1298 2849 beatus

300 2885 468 2970 Gregorius
482 2885 514 2948 in
529 2892 638 2967 quarto
653 2885 766 2971 dialogi
776 2885 872 2949 libro:
893 2916 906 2939 a
923 2887 1000 2949 Haec
1013 2906 1146 2968 namque
1159 2885 1297 2970 singula-

300 2984 341 3048 ris
363 2986 487 3051 victima
506 2987 546 3049 ab
568 2992 680 3049 oetemo
696 2985 821 3049 interitu
838 2985 972 3049 animam
995 2986 1112 3061 salvat,
1126 3006 1194 3069 quae
1212 2985 1299 3051 illant

300 3086 387 3149 nobis
398 3093 528 3150 mortem
543 3085 701 3170 Unigeniti
714 3106 769 3168 per
783 3085 965 3169 mysterium
976 3091 1110 3169 reparat.
1121 3116 1134 3139 „
1148 3087 1192 3149 Et
1204 3087 1299 3169 paulo

301 3195 390 3268 post:
412 3217 424 3239 u
439 3186 523 3250 Hinc
535 3207 607 3271 ergo
617 3207 781 3269 pensemus
792 3185 883 3270 quale
897 3185 1049 3268 pronobis
1062 3186 1171 3250 sithoc
1185 3188 1301 3251 sacrifi-

302 3287 401 3361 cium;
424 3288 506 3370 quod
525 3308 581 3370 pro
605 3287 793 3350 absolutione
817 3295 923 3352 nostra
944 3285 1117 3370 passionem
1138 3285 1301 3371 Unigeniti

302 3387 355 3449 filii
380 3407 501 3469 semper
515 3386 662 3450 imitatur.
696 3416 708 3439 n
734 3389 776 3451 Et
795 3395 866 3471 post
885 3387 1007 3470 aliqua:
1028 3418 1042 3440 u
1060 3386 1122 3465 Qui
1147 3388 1301 3469 passionis

301 3485 458 3548 dominicae
487 3484 636 3568 mysteria
666 3485 879 3562 eelebmmm,
909 3487 1055 3549 debemus
1080 3484 1194 3548 imitari
1214 3490 1302 3570 quod

301 3585 438 3647 colimus.
457 3614 469 3637 κ
489 3584 569 3647 Item
585 3582 616 3644 in
633 3582 759 3647 homilia
769 3584 931 3651 Paschali:
949 3616 963 3638 u
987 3586 1023 3649 In
1042 3592 1171 3668 utroque
1181 3587 1301 3650 etenim

301 3690 390 3765 poste
401 3682 472 3768 agni
486 3681 609 3766 sanguis
623 3683 740 3766 positus
759 3693 827 3760 est,
844 3687 965 3769 quando
981 3691 1206 3749 sacramentum
1224 3707 1301 3769 pas-

301 3781 394 3845 sionis
405 3784 470 3868 ejus
485 3803 553 3846 cum
571 3802 622 3844 ore
636 3783 675 3845 ad
692 3783 931 3867 redemptionem
942 3785 1082 3862 sumitum
1095 3784 1301 3850 adimitatio-

301 3902 371 3945 nem
383 3902 504 3967 quoque
519 3881 635 3946 intenta
646 3890 750 3947 mente
767 3885 928 3969 cogitatur.
948 3919 961 3943 n
976 3887 1208 3950 Sacramentum
1223 3906 1301 3951 sane

301 3982 331 4043 in
341 3980 607 4047 diviniscodicibus
615 4004 677 4047 nou
685 4003 747 4047 una
756 3985 1099 4069 tantumsignificatione
1108 3985 1301 4068 positumre

302 4079 427 4164 peritur.
439 4083 580 4166 Denique
589 4091 712 4148 sanctus
723 4084 906 4148 Ambrosius
917 4085 951 4149 in·
958 4086 1034 4148 libro
1045 4086 1086 4148 ad
1097 4084 1295 4159 Gratianum,

302 4183 479 4264 apparuisse
486 4183 558 4248 dicit
569 4185 1111 4270 hominibusUnigenitumPatrisper
1120 4205 1296 4249 sacramen-

303 4283 772 4371 tumassumptihomiuisQuod
782 4286 1140 4371 tantumdemsignifioat‚
1148 4294 1297 4367 quantum
