3184 5442
294 826 338 887 80
674 841 704 881 o.
731 839 904 882 muranum

295 979 353 1044 iste
373 1000 405 1043 ae
425 996 528 1042 eorum
553 978 739 1062 Apostolum
764 982 921 1051 vocasset,
942 975 1146 1052 immensum,
1165 978 1198 1042 id
1218 986 1286 1054 est,

295 1080 377 1143 ultra
399 1078 522 1141 modum
544 1076 666 1162 gloriari
686 1076 818 1142 videtur.
843 1112 888 1124 -
910 1075 1089 1138 Secundimz
1108 1078 1290 1166 regulam]

296 1178 447 1262 Regulam
462 1176 512 1247 hia
525 1184 616 1240 vooat
631 1177 787 1261 regimen,
807 1176 974 1240 secundum
987 1175 1055 1252 hoo,
1073 1176 1190 1261 inquit,
1208 1181 1290 1263 quod

297 1299 354 1342 vos
364 1277 514 1362 regimus,
528 1276 646 1340 a'vobis
658 1327 665 1350 ,
679 1276 712 1338 id
723 1282 787 1351 est,
802 1295 856 1359 per
871 1296 928 1338 vos
938 1295 957 1338 a
969 1275 1039 1339 Deo
1049 1278 1288 1361 magnifioamur.

298 1414 342 1426 -
364 1378 405 1440 In
417 1374 676 1462 aboridantr'amff
687 1376 723 1439 In
733 1375 919 1439 abundantia
931 1382 1034 1439 autem
1048 1376 1139 1452 dicit,
1153 1379 1204 1442 vel
1220 1382 1291 1464 quia

298 1478 363 1543 haeo
379 1475 552 1562 pradicatio
568 1495 659 1560 super
669 1475 914 1558 praedicationem
926 1475 1144 1558 Apostolorum
1158 1481 1292 1545 abunda·

297 1578 353 1653 vit;
364 1578 415 1643 vel
424 1576 534 1661 quiain
546 1583 659 1639 eaerat
668 1576 855 1641 abundantia
863 1577 1091 1641 donorumDei.
1115 1615 1159 1627 -
1180 1581 1290 1644 Etiam

297 1686 333 1739 in
346 1675 402 1739 illa
413 1699 483 1765 quoe
497 1675 592 1738 ultro.
602 1673 614 1762 ]
626 1676 721 1758 Spem
734 1675 831 1750 hano,
844 1674 960 1758 inquit,
978 1675 1127 1740 habemus
1137 1681 1291 1766 evangeli-

298 1778 388 1842 zandi
398 1778 489 1841 fidem
499 1775 622 1851 Christi,
634 1775 665 1838 in
680 1775 732 1838 illa
743 1775 883 1869 locaquae
898 1775 980 1839 ultra
989 1785 1135 1842 nossunt.
1162 1816 1204 1829 -
1218 1780 1291 1845 Non

298 1887 334 1940 in
349 1876 455 1940 aliena
468 1874 611 1962 regula]
626 1875 698 1939 Non
712 1925 718 1949 ‚
731 1874 831 1958 inquit
846 1924 853 1948 ,
865 1895 952 1958 spem
968 1875 1116 1940 habemus
1127 1878 1251 1964 gloriari
1261 1882 1292 1944 in

300 1978 399 2042 aliena
414 1976 534 2062 regula,
549 1975 580 2038 in.
594 1974 641 2039 his
654 1973 795 2037 videlicet
806 1973 880 2038 loeis
894 1994 961 2057 quae
976 1985 1168 2058 praeparata,
1184 1980 1217 2043 id
1232 1989 1288 2056 ast,

300 2077 553 2162 evangelizataab
562 2075 636 2159 ipsis
642 2074 813 2158 ApostoliS.
831 2114 870 2128 --
884 2072 1291 2165 Illeprobatusest.]Nonin

300 2177 419 2250 alienis;
433 2177 525 2240 sedin
535 2176 666 2266 Domino
673 2174 813 2239 volumus
824 2174 947 2258 gloriari
956 2197 964 2238 z
973 2180 1044 2259 quia
1055 2178 1153 2242 omnis
1162 2181 1216 2262 qui
1226 2182 1292 2266 glo·

240 2325 243 2334 ,
299 2273 827 2358 riatur,inDominodebetgloriari:
840 2276 979 2358 quianon
989 2275 1020 2338 in
1029 2297 1063 2340 se
1072 2279 1292 2345 neoinaliozin

299 2395 332 2437 se
345 2373 394 2437 vel
409 2374 440 2436 in
454 2373 513 2436 alio
527 2393 599 2447 non,
613 2371 686 2454 quia
701 2373 753 2455 qui
765 2372 809 2437 sio
822 2374 887 2458 agit
903 2396 963 2437 non
974 2378 1119 2458 probatur
1133 2400 1153 2442 a
1167 2380 1246 2444 Deo.

722 2687 791 2729 CAP.
818 2689 863 2730 xl.

347 2862 473 2927 Utinam
486 2871 695 2927 sustineretis.
706 2863 717 2951 ]
728 2853 870 2943 Utinam‚'
879 2866 990 2951 inquit,
1004 2867 1153 2932 sustinere
1161 2870 1290 2950 velletis,

299 2963 332 3027 id
346 2972 394 3029 est
407 3015 413 3039 ,
427 2964 533 3028 audire
545 2966 697 3048 quomodo
719 2987 768 3030 me
785 2969 980 3042 commendo,
996 2969 1079 3052 quod
1092 2969 1213 3034 videtur
1225 2971 1296 3035 insi·

299 3063 426 3146 pientia.
440 3064 509 3130 Etsi
520 3086 577 3151 ego
587 3064 685 3130 refero
694 3088 750 3131 vos
762 3068 880 3133 debetis
891 3069 1012 3133 audire:
1022 3070 1295 3142 subditur;AEmu-

298 3163 345 3228 lor
354 3165 435 3229 enim
450 3187 522 3242 vos,
539 3175 601 3232 eto.
627 3203 672 3215 -
694 3168 842 3231 AEmolor
850 3178 934 3232 enim
949 3191 1022 3232 vor.
1035 3168 1046 3255 ]
1058 3171 1231 3234 AEmulatio
1247 3180 1295 3236 est

299 3272 401 3330 motus
415 3266 527 3330 mentis
544 3274 671 3351 propter
692 3269 824 3333 alienum
839 3277 967 3334 statum.
986 3270 1091 3354 Rogat
1104 3290 1176 3354 ergo
1190 3279 1226 3335 ut
1241 3293 1295 3357 pa·

298 3364 410 3429 tienter
425 3365 525 3430 serant
539 3367 803 3450 reprehensionem
818 3389 925 3433 suam:
943 3370 1015 3452 quia
1028 3370 1094 3454 ipsa
1106 3370 1187 3434 oiroa
1201 3392 1293 3456 opera

297 3481 401 3525 eorum
415 3471 556 3528 movetur
567 3486 604 3529 eo
617 3474 701 3530 motu
717 3469 770 3550 qui
782 3470 948 3533 seeundum
957 3471 1059 3534 Deum
1071 3479 1130 3535 est.
1142 3472 1202 3535 Est
1212 3472 1293 3536 enim

297 3558 328 3619 in
353 3559 419 3623 aliis
443 3568 572 3636 motus,
595 3564 646 3645 qui
670 3565 786 3629 invidia
812 3567 932 3631 dieitur.
957 3603 1001 3616 -
1025 3569 1187 3653 Despondi
1211 3579 1292 3635 enim

298 3655 391 3742 voa]
403 3657 504 3724 Causa
524 3680 577 3724 our
596 3681 649 3724 eos
662 3664 839 3738 amuletum
853 3665 926 3747 quia
939 3664 1081 3728 videlicet
1094 3671 1207 3733 annulo
1224 3671 1290 3736 fidei

298 3753 495 3838 desponsavit
519 3779 572 3822 eos
591 3761 746 3837 univiro,
777 3762 892 3827 seilicet
910 3762 1053 3837 Christo;
1070 3771 1106 3826 ut
1129 3765 1293 3834 exhibeant

296 3853 413 3937 seipsos
429 3864 546 3921 castam
568 3859 719 3944 virginem
739 3861 809 3924 sibi.
836 3897 876 3910 -
900 3862 985 3926 Nam
1007 3871 1037 3924 si
1055 3871 1084 3925 is
1095 3873 1154 3952 'qui
1164 3867 1292 3954 venia]

295 3952 331 4017 Si
346 3953 392 4030 is,
407 3955 521 4040 inquit,
536 3960 716 4044 praedicator
728 3961 781 4045 qui
792 3962 893 4038 venit,
908 3969 937 4027 et
954 3984 973 4026 a
988 3964 1056 4027 Deo
1070 3985 1131 4027 non
1146 3967 1289 4044 mittitur,

296 4052 387 4118 aliam
399 4057 489 4120 fidem
501 4060 681 4141 praedicaret
695 4061 803 4143 vobis,
821 4069 853 4126 et
866 4084 1001 4146 peream
1015 4063 1107 4128 fidem
1120 4065 1212 4130 alium
1226 4069 1291 4151 spi·

296 4153 388 4218 rium
400 4157 578 4240 acciperetis
593 4182 599 4232 ;
614 4167 779 4245 utcumque
793 4162 950 4227 tolerabile
965 4175 1046 4228 esset
1060 4217 1066 4240 ‚
1081 4165 1107 4227 si
1124 4166 1190 4250 ejus
1204 4168 1292 4230 dam-

295 4254 448 4318 nationem
472 4258 675 4340 pateremini;
701 4261 832 4344 possetis
858 4263 939 4326 enim
964 4265 1088 4329 dicere:
1112 4266 1291 4330 Praedioatio

296 4354 361 4439 ejus
372 4355 477 4420 melior
488 4365 535 4420 est
545 4378 637 4439 quam
648 4360 738 4424 Pauli
751 4385 756 4424 :
771 4384 850 4428 nuno
865 4385 953 4440 vero,
969 4386 1037 4428 cum
1048 4366 1186 4430 eamdem
1201 4366 1292 4430 fidem
