3184 5442
387 729 450 792 170
767 748 795 787 n.
824 746 998 789 muranum

289 966 293 973 Ι
384 889 448 950 vini
465 909 557 971 quam
572 887 711 951 videmus
724 937 730 962 ,
747 908 796 950 res
814 882 998 961 invisibileS,
1012 886 1043 948 id
1058 892 1106 950 est
1117 886 1230 950 Christi
1244 907 1380 964 carnem,

387 994 419 1050 et
445 988 622 1072 sanguinem
647 987 843 1050 honoramus.
878 987 946 1050 Nec
968 985 1106 1049 similiter
1135 986 1297 1069 pendimus
1325 986 1383 1049 has

387 1086 463 1149 duas
485 1087 618 1169 speciae,
643 1108 680 1149 ex
705 1087 814 1168 quibus
835 1093 1027 1150 consecratur
1043 1084 1228 1148 dominicum
1250 1105 1379 1167 corpus,

388 1188 644 1268 quemadmodum
673 1195 744 1250 ante
772 1186 1030 1250 consecrationem
1059 1184 1288 1268 pendebamus,
1314 1205 1414 1276 oum¹

387 1285 517 1348 fideliter
538 1283 689 1351 fateamur
710 1294 782 1349 ante
806 1284 1082 1360 consecrationem,
1107 1305 1174 1348 esse
1193 1305 1323 1367 panem,
1340 1283 1386 1346 vi-

387 1405 539 1469 numque,
550 1387 582 1449 id
595 1394 657 1460 est,
673 1407 725 1449 eas
739 1407 788 1448 res
800 1407 861 1468 qua
869 1393 979 1449 natura
992 1384 1146 1448 formavit.
1160 1385 1246 1448 Inter
1260 1404 1386 1447 sacran-

389 1486 462 1548 dum
483 1506 556 1549 vero
581 1483 717 1549 converti
731 1485 762 1547 in
776 1484 892 1548 Christi
906 1504 1028 1548 carnem
1044 1504 1080 1547 ao
1101 1483 1290 1567 sanguinem,
1307 1503 1387 1566 quas

389 1573 533 1668 utrasque
553 1606 602 1648 res
618 1583 788 1648 benedictio
803 1583 1002 1648 consecravit.
1020 1584 1170 1662 Quamvis
1187 1585 1297 1646 beatus
1315 1583 1386 1646 Au-

390 1684 530 1768 gustinus
547 1685 578 1747 in
600 1706 636 1748 eo
656 1685 733 1748 libro
752 1706 814 1748 non
832 1684 930 1768 magis
944 1685 1124 1767 loquebatur
1147 1684 1197 1746 de.
1210 1681 1268 1745 hoc
1287 1702 1387 1745 sacra-

391 1793 510 1862 mento,
538 1784 692 1866 quamde
716 1783 856 1863 caeteris,
907 1804 955 1847 uae
981 1783 1144 1847 christiana
1170 1780 1386 1846 consuetudine

391 1885 525 1947 exerceri
547 1885 714 1969 jubentur,
741 1894 773 1949 et
805 1883 979 1947 solemniter
1008 1889 1204 1956 exercentur,
1233 1881 1387 1945 instruens

391 1983 552 2048 diaconum
585 1985 747 2067 quemdam
777 1983 1026 2066 Carthaginensis
1053 1982 1222 2056 Ecclesia,
1256 1981 1387 2064 qualiter

391 2082 492 2166 ipsum
519 2104 639 2167 quoque
670 2085 759 2148 rudes
790 2085 829 2146 de
851 2083 927 2159 his,
959 2089 991 2149 et
1020 2083 1059 2144 de
1084 2081 1202 2145 oaeteris
1231 2087 1388 2164 oporteret

392 2178 552 2248 instruere}

438 2477 492 2539 14.
508 2479 653 2542 Benene.
673 2508 686 2532 ι
703 2479 793 2542 Unde
813 2481 922 2542 beatus
937 2479 1142 2563 AugustinuS,
1160 2479 1190 2541 in
1203 2479 1334 2562 epistola
1348 2479 1388 2542 ad

393 2577 600 2641 Bonifacium:
619 2578 724 2654 Sicut,
745 2578 861 2661 inquit,
884 2586 1107 2644 sacramentum
1123 2580 1257 2661 corporis
1275 2578 1388 2644 Christi

393 2679 557 2743 secundum
588 2681 752 2762 quemdam
784 2681 910 2742 modum
931 2701 1041 2762 corpus
1064 2679 1176 2743 Christi
1197 2686 1259 2754 est,
1284 2699 1387 2743 sacra·

393 2785 529 2843 mentum
557 2779 710 2863 sanguinis
741 2777 855 2843 Christi
880 2780 1045 2844 secundum
1071 2779 1234 2862 quemdam
1263 2779 1387 2844 modum

393 2879 517 2964 sanguis
531 2879 646 2942 Christi
657 2887 704 2943 est
722 2901 729 2943 :
747 2878 793 2942 ita
803 2887 1027 2943 sacramentum
1043 2878 1130 2956 fidei,
1147 2878 1223 2943 fides
1235 2885 1294 2942 est.
1318 2910 1331 2933 υ

438 2980 560 3046 Lxura.
578 2982 812 3045 Sacramentum
836 2980 970 3063 corporis
989 2979 1105 3044 Christi
1126 2986 1273 3062 quantum
1293 2971 1335 3042 ad
1356 2979 1395 3042 id

393 3089 530 3164 spectat,
549 3083 631 3165 quod
644 3081 676 3144 in
687 3102 774 3146 cruce
786 3080 960 3144 immolatus
976 3086 1023 3143 est
1035 3079 1100 3161 ipse
1113 3080 1265 3143 Dominus
1283 3079 1390 3144 Chris-
1469 3071 1471 3074 ’

394 3189 462 3258 tus,
483 3205 554 3248 caro
573 3184 638 3269 ejus
657 3190 720 3262 est,
743 3203 835 3266 quam
851 3181 949 3245 forma
968 3180 1057 3264 panis
1078 3187 1216 3262 opertam
1232 3179 1264 3243 in
1284 3201 1389 3245 sacra·

394 3287 498 3346 mento
519 3282 700 3365 accipimuS,
719 3291 751 3346 et
769 3282 893 3366 sanguis
911 3283 993 3367 ejus,
1012 3302 1103 3363 quern
1119 3282 1175 3343 sub
1190 3279 1253 3342 vini
1267 3281 1387 3364 specie,

395 3399 431 3441 ac
443 3401 552 3462 sapore
568 3389 720 3463 potamus.
742 3382 824 3445 Caro
839 3381 980 3445 videlicet
994 3379 1110 3459 camis,
1131 3386 1163 3443 et
1176 3378 1321 3463 sanguia,
1339 3401 1390 3444 sa·

394 3486 583 3542 aramentum
596 3485 644 3543 est
662 3480 827 3564 sanguinis.
847 3481 948 3545 Came
962 3489 993 3544 et
1005 3479 1152 3564 sanguine
1163 3487 1294 3562 utroque
1311 3478 1391 3542 invi-

395 3576 496 3651 sibili,
521 3577 726 3662 intelligibili,
753 3580 929 3661 spirituali,
959 3580 1145 3664 significatur
1174 3579 1392 3661 Redempton's

395 3675 645 3757 corpusvisibile,
658 3678 826 3761 palpabile,
844 3678 1004 3743 manifeste
1013 3681 1136 3763 plenum
1146 3678 1246 3764 gratia
1254 3678 1392 3743 omnium

396 3773 563 3855 virtutum,
581 3784 613 3840 et
633 3776 734 3840 divina
755 3779 928 3862 majestate.
952 3781 1089 3858 Quorum
1118 3780 1247 3842 alterum
1267 3777 1391 3860 quidem

395 3874 467 3936 dum
476 3872 636 3958 frangitur,
654 3875 728 3940 etin
739 3876 844 3958 populi
856 3876 986 3940 salutem
997 3878 1141 3943 dividitur
1153 3903 1160 3952 ;
1174 3878 1302 3946 altemm
1318 3898 1392 3942 vero

395 3971 523 4038 effusum
542 3975 580 4040 de
599 3975 692 4041 calice
712 3977 751 4040 ab
774 3995 826 4038 ore
850 3975 984 4041 fidelium
1000 3978 1130 4043 sumitur
1146 3999 1155 4041 :
1172 3998 1255 4043 mors
1275 3978 1343 4063 ejus
1360 3977 1392 4040 in

395 4093 504 4148 cruce,
532 4080 564 4139 et
592 4075 748 4160 sanguinis
776 4075 843 4162 ejus
869 4076 907 4139 de
934 4077 1029 4141 latere
1052 4077 1204 4143 emanatio
1230 4079 1389 4161 figuratur.

395 4173 567 4256 Utrumque
584 4176 693 4239 beatus
709 4176 876 4259 Gregorius
897 4184 929 4240 et
948 4177 1075 4241 solerter
1097 4178 1244 4251 attendit,
1262 4184 1295 4240 et
1315 4197 1392 4239 enu-

398 4273 494 4337 cleate
503 4273 534 4336 in
547 4285 656 4356 quarto
668 4276 778 4360 dialogi
787 4276 864 4339 libro
874 4278 999 4358 exponit
1011 4278 1114 4341 dicens
1128 4299 1136 4339 :
1160 4308 1172 4330 u
1192 4277 1269 4362 Ejus
1280 4275 1394 4359 quippe
