3184 5442
550 677 757 719 urucmnnrurr
781 653 860 720 srvs'
873 680 1029 720 nrnroous.
1220 661 1284 724 241

293 840 362 904 quae
371 827 474 882 mente
482 823 692 900 conceperunt,
702 824 844 900 potenter
852 837 992 881 exercere
1001 814 1126 900 possint.
1136 818 1288 896 Secundo,

293 927 418 1003 propter
434 918 557 990 electos,
579 924 614 980 ut
626 917 670 979 eis
686 916 717 978 in
730 917 819 979 bonis
834 915 931 979 trrtela
944 916 1018 979 sint.
1036 916 1151 993 Tertio,
1169 929 1293 1004 propter

295 1019 452 1102 reprobos
470 1023 505 1079 ut
520 1037 572 1078 eos
584 1015 761 1097 reprimant,
779 1038 818 1078 ne
832 1024 950 1078 tantum
967 1024 1114 1098 quantum
1124 1018 1229 1083 volunt
1241 1042 1293 1083 no

295 1123 396 1180 ceant.
419 1100 559 1179 Sanitate
579 1115 756 1189 solidantur,
782 1136 822 1177 ne
838 1115 912 1199 justi
933 1117 971 1176 de
993 1135 1096 1178 eorum
1116 1117 1294 1201 agritudine

296 1215 524 1289 contristentur,
541 1216 595 1277 sed
608 1215 646 1277 de
661 1235 765 1277 eorum
776 1215 874 1277 salute
883 1215 1033 1277 laetentur.
1051 1215 1077 1275 E
1090 1223 1208 1292 contra,
1221 1221 1294 1282 mali

297 1316 422 1398 quidam
435 1314 484 1378 hio
496 1321 645 1398 egestate,
665 1311 837 1386 afflictione,
855 1314 988 1397 corporis
1001 1314 1104 1378 dolore
1122 1318 1290 1401 suspirant;

297 1422 332 1478 ut
342 1435 397 1498 per
408 1414 471 1478 haec
483 1413 601 1476 discant
613 1434 703 1494 quam
719 1432 825 1475 amara
837 1413 898 1475 sint
912 1414 1030 1495 adquae
1044 1416 1147 1495 pravis
1160 1419 1294 1484 moribus

233 1550 242 1567 ·
297 1513 454 1579 festinant.

341 1615 384 1678 D.
410 1612 514 1690 Quare
534 1611 657 1694 quidam
679 1610 750 1673 mali
771 1611 823 1672 diu
841 1610 960 1686 vivunt,
982 1613 1105 1694 quidam
1127 1637 1199 1679 vero
1220 1619 1294 1681 boni

253 1716 257 1723 ’
300 1712 581 1784 citiusmon'untur;
598 1718 629 1774 et
643 1731 661 1772 e
675 1717 792 1789 contra,
810 1710 903 1793 aliqui
917 1711 989 1773 boni
1008 1712 1182 1778 diutumam
1200 1717 1296 1780 vitam

300 1813 429 1887 ducunt,
453 1811 525 1874 mali
546 1831 619 1888 vero
638 1809 764 1874 celerius
785 1809 913 1873 obeunti
935 1848 978 1858 —
1000 1812 1046 1874 M.
1064 1813 1141 1876 Mali
1160 1815 1228 1878 ideo
1244 1817 1297 1879 diu

288 1913 404 1977 *vivere
414 1913 639 1996 permittuntur,
653 1918 687 1975 ut
697 1911 783 1975 electi
794 1932 849 1994 per
858 1933 911 1974 eos
920 1922 1130 1989 exerceantur,
1145 1923 1175 1979 et
1187 1916 1298 1979 avitiis

301 2012 508 2096 corrigantur;
525 2010 584 2094 ipsi
599 2031 672 2074 vero
690 2017 760 2092 post
778 2010 942 2094 majoribus
961 2011 1116 2094 suppliciis
1130 2021 1295 2096 torquean-

302 2118 362 2176 tur.
379 2110 460 2174 Boni
473 2118 576 2174 autem
589 2110 676 2174 citius
687 2110 843 2184 tolluntur,
861 2131 899 2172 ne
914 2109 1027 2173 diutius
1038 2111 1086 2174 hic
1096 2114 1233 2177 adversis
1246 2122 1297 2178 at-

301 2219 449 2288 terantur,
467 2211 521 2274 sed
537 2210 687 2272 mansuris
706 2209 825 2292 gaudiis
843 2208 1019 2273 inferantur.
1042 2212 1070 2274 E
1091 2219 1214 2287 contra,
1233 2215 1299 2279 vita

302 2313 441 2396 longaeva
456 2311 547 2397 justis
568 2311 668 2383 datur,
693 2316 728 2372 ut
747 2309 888 2372 meritum
908 2309 1026 2372 illorum
1047 2319 1205 2395 augeatur,
1229 2335 1298 2377 cum

301 2412 403 2494 plures
414 2432 469 2495 per
480 2410 599 2473 illorum
611 2409 752 2491 exempla
765 2408 966 2492 corriguntm·.
983 2410 1060 2473 Mali
1072 2433 1145 2476 sane
1162 2413 1300 2478 celeriter

302 2511 343 2574 ad
363 2518 516 2574 tormenta
533 2509 701 2592 rapiuntur,
720 2515 755 2571 ut
771 2508 876 2572 electis
895 2509 995 2572 adhuc
1017 2512 1187 2580 errantibus
1208 2513 1299 2575 timor

302 2610 478 2684 incutiatur,
493 2616 524 2672 et
540 2608 583 2672 sio
598 2610 637 2670 ab
649 2628 749 2670 errore
762 2609 963 2670 retrahantur.

349 2907 383 2970 6.
411 2905 459 2967 De
472 2905 552 2966 bono
564 2901 776 2965 tribulationis
788 2922 800 2978 ‚·
817 2915 847 2962 et
857 2901 942 2988 quod
949 2899 1043 2962 niolio
1052 2901 1133 2963 nihil
1146 2900 1219 2964 boni
1229 2925 1301 2964 oon-

306 3016 429 3093 tingat:
446 3003 535 3066 bonis
547 3014 652 3064 autem
664 3000 748 3063 nihil
758 2999 847 3063 mali.

349 3108 392 3171 D.
405 3105 485 3168 Sunt
496 3101 614 3176 felices,
633 3101 685 3185 qui
701 3101 838 3164 adversis
850 3121 911 3162 non
927 3101 1106 3183 tangunturl
1121 3137 1160 3148 —
1172 3102 1218 3164 M.
1236 3103 1301 3166 Imo

305 3203 503 3270 infelicissimi
517 3209 598 3277 sunt,
609 3201 722 3283 quibus
733 3200 919 3283 permittitur
931 3199 979 3263 hic
990 3221 1045 3282 per
1056 3201 1158 3263 omnia
1169 3202 1302 3266 suaviter

305 3305 425 3375 vivere.
444 3310 476 3367 et
490 3301 593 3365 omnia
607 3299 757 3362 desideria
774 3320 830 3362 sua
844 3319 899 3382 pro
913 3298 1001 3361 libitu
1015 3319 1070 3360 suo
1085 3299 1226 3382 implere,
1248 3304 1302 3365 sed

307 3403 493 3468 adversitate
509 3422 571 3464 non
589 3406 756 3484 tanguntur
773 3421 780 3461 :
802 3398 874 3482 quia
892 3399 945 3462 tali
961 3398 1051 3460 modo
1067 3407 1102 3461 ut
1122 3399 1207 3462 arida
1221 3399 1304 3484 ligna

308 3504 349 3567 ad
363 3503 466 3587 ignem
482 3500 666 3564 nutriuntur.
680 3499 708 3561 E
720 3504 836 3572 contra,
855 3506 926 3560 sunt
941 3497 982 3559 illi
996 3497 1171 3577 felicissimi,
1189 3500 1240 3583 qui
1254 3501 1303 3564 hic

307 3602 400 3665 esuis
409 3600 565 3665 desideriis
573 3606 766 3674 arcentur,et
773 3599 1096 3682 multisasperitatibus
1106 3608 1299 3664 exercentur:

309 3701 382 3785 quia
401 3700 455 3765 tali
473 3702 564 3763 modo
584 3700 624 3762 ad
636 3716 770 3783 'regnum
793 3706 828 3762 ut
845 3699 897 3762 filii
916 3697 1045 3782 flagellis
1067 3701 1252 3774 erudiuntur,
1270 3708 1304 3764 ut

309 3801 419 3867 dicitur
443 3823 449 3861 :
481 3830 494 3853 u
511 3800 598 3862 Deus
620 3797 756 3882 flagellat
778 3819 898 3861 omnem
922 3798 1015 3861 filium
1038 3819 1129 3880 quern
1150 3801 1298 3884 recipit„

307 3902 389 3966 Volo
399 3911 431 3966 te
442 3901 518 3964 scire
529 3899 613 3983 quod
627 3898 745 3982 reprobi
758 3898 899 3981 quamvis
910 3920 1021 3962 corona
1036 3901 1120 3984 regni
1135 3901 1300 3983 potiantur,

310 4001 431 4063 omnino
445 4001 628 4083 impotentes
642 4007 723 4070 sunt,
739 4007 771 4061 et
780 4020 946 4081 numquam
963 4001 1027 4062 sine
1041 4000 1187 4082 supplicio
1202 4011 1301 4065 erunt.

309 4102 408 4165 Electi
430 4120 504 4164 vero
526 4099 665 4183 quamvis
689 4099 817 4181 captivi,
840 4099 980 4181 quamvis
997 4100 1028 4161 in
1050 4121 1171 4163 carcere
1191 4102 1299 4185 positi,

310 4221 431 4284 semper
445 4206 586 4282 potentes
597 4206 678 4276 sunt,
697 4207 728 4261 et
743 4219 907 4280 numquam
920 4198 1043 4280 praemio
1055 4192 1210 4261 carebunt.

1166 4304 1197 4349 ro
