<?xml version="1.0" encoding="UTF-8"?>
<!DOCTYPE html PUBLIC "-//W3C//DTD XHTML 1.0 Transitional//EN"
    "http://www.w3.org/TR/xhtml1/DTD/xhtml1-transitional.dtd">
<html xmlns="http://www.w3.org/1999/xhtml" xml:lang="en" lang="en">
 <head>
  <title>
</title>
<meta http-equiv="Content-Type" content="text/html;charset=utf-8" />
  <meta name='ocr-system' content='tesseract 3.04.00' />
  <meta name='ocr-capabilities' content='ocr_page ocr_carea ocr_par ocr_line ocrx_word'/>
</head>
<body>
  <div class='ocr_page' id='page_1' title='image "./operaquaesupers00lanfgoog_0182.png"; bbox 0 0 3184 5442; ppageno 0'>
   <div class='ocr_carea' id='block_1_1' title="bbox 292 708 902 781">
    <p class='ocr_par' dir='ltr' id='par_1_1' title="bbox 292 708 902 781">
     <span class='ocr_line' id='line_1_1' title="bbox 292 708 902 781; baseline 0.013 -11"><span class='ocrx_word' id='word_1_1' title='bbox 292 708 356 771; x_wconf 84' lang='grc'>186</span> <span class='ocrx_word' id='word_1_2' title='bbox 669 739 700 778; x_wconf 89' lang='lat' dir='ltr'>n.</span> <span class='ocrx_word' id='word_1_3' title='bbox 728 739 902 781; x_wconf 73' lang='lat' dir='ltr'>rauranum</span> 
     </span>
    </p>
   </div>
   <div class='ocr_carea' id='block_1_2' title="bbox 292 872 1294 1163">
    <p class='ocr_par' dir='ltr' id='par_1_2' title="bbox 292 872 1294 1163">
     <span class='ocr_line' id='line_1_2' title="bbox 338 872 1288 960; baseline 0.005 -27"><span class='ocrx_word' id='word_1_4' title='bbox 338 872 389 934; x_wconf 80' lang='grc'>19,</span> <span class='ocrx_word' id='word_1_5' title='bbox 416 873 608 960; x_wconf 82' lang='lat' dir='ltr'>Augustinus</span> <span class='ocrx_word' id='word_1_6' title='bbox 626 879 658 941; x_wconf 91' lang='lat' dir='ltr'>in</span> <span class='ocrx_word' id='word_1_7' title='bbox 679 879 803 944; x_wconf 91' lang='lat' dir='ltr'>homilia</span> <span class='ocrx_word' id='word_1_8' title='bbox 823 877 981 942; x_wconf 89' lang='lat' dir='ltr'>undecima</span> <span class='ocrx_word' id='word_1_9' title='bbox 1000 897 1090 959; x_wconf 89' lang='lat' dir='ltr'>super</span> <span class='ocrx_word' id='word_1_10' title='bbox 1110 877 1288 940; x_wconf 79' lang='lat' dir='ltr'>Ioannem:</span> 
     </span>
     <span class='ocr_line' id='line_1_3' title="bbox 300 973 1294 1064; baseline 0.006 -29"><span class='ocrx_word' id='word_1_11' title='bbox 300 1001 311 1021; x_wconf 70' lang='lat' dir='ltr'>u</span> <span class='ocrx_word' id='word_1_12' title='bbox 331 973 366 1035; x_wconf 92' lang='lat' dir='ltr'>In</span> <span class='ocrx_word' id='word_1_13' title='bbox 380 975 492 1059; x_wconf 92' lang='lat' dir='ltr'>populo</span> <span class='ocrx_word' id='word_1_14' title='bbox 505 978 584 1040; x_wconf 92' lang='lat' dir='ltr'>enim</span> <span class='ocrx_word' id='word_1_15' title='bbox 596 980 771 1045; x_wconf 86' lang='lat' dir='ltr'>Judaeorum</span> <span class='ocrx_word' id='word_1_16' title='bbox 787 981 935 1064; x_wconf 90' lang='lat' dir='ltr'>figuratus</span> <span class='ocrx_word' id='word_1_17' title='bbox 948 983 995 1040; x_wconf 92' lang='lat' dir='ltr'>est</span> <span class='ocrx_word' id='word_1_18' title='bbox 1005 976 1135 1060; x_wconf 91' lang='lat' dir='ltr'>populus</span> <span class='ocrx_word' id='word_1_19' title='bbox 1145 975 1294 1043; x_wconf 88' lang='lat' dir='ltr'>Christia-</span> 
     </span>
     <span class='ocr_line' id='line_1_4' title="bbox 292 1074 1289 1163; baseline 0.009 -31"><span class='ocrx_word' id='word_1_20' title='bbox 292 1092 417 1136; x_wconf 91' lang='lat' dir='ltr'>norum:</span> <span class='ocrx_word' id='word_1_21' title='bbox 435 1077 481 1140; x_wconf 90' lang='lat' dir='ltr'>lbi</span> <span class='ocrx_word' id='word_1_22' title='bbox 500 1074 597 1163; x_wconf 84' lang='lat' dir='ltr'>figura</span> <span class='ocrx_word' id='word_1_23' title='bbox 614 1132 620 1154; x_wconf 92' lang='lat'>,</span> <span class='ocrx_word' id='word_1_24' title='bbox 636 1081 685 1145; x_wconf 90' lang='lat' dir='ltr'>hic</span> <span class='ocrx_word' id='word_1_25' title='bbox 701 1081 835 1150; x_wconf 89' lang='lat' dir='ltr'>veritas;</span> <span class='ocrx_word' id='word_1_26' title='bbox 852 1078 894 1141; x_wconf 88' lang='lat' dir='ltr'>ibi</span> <span class='ocrx_word' id='word_1_27' title='bbox 916 1079 1040 1150; x_wconf 79' lang='lat' dir='ltr'>umbra,</span> <span class='ocrx_word' id='word_1_28' title='bbox 1063 1075 1113 1139; x_wconf 92' lang='lat' dir='ltr'>hic</span> <span class='ocrx_word' id='word_1_29' title='bbox 1134 1097 1255 1160; x_wconf 91' lang='lat' dir='ltr'>corpus.</span> <span class='ocrx_word' id='word_1_30' title='bbox 1275 1110 1289 1132; x_wconf 84' lang='lat'>··</span> 
     </span>
    </p>
   </div>
   <div class='ocr_carea' id='block_1_3' title="bbox 171 1172 1293 1264">
    <p class='ocr_par' dir='ltr' id='par_1_3' title="bbox 171 1172 1293 1264">
     <span class='ocr_line' id='line_1_5' title="bbox 171 1172 1293 1264; baseline 0.006 -32"><span class='ocrx_word' id='word_1_31' title='bbox 171 1174 176 1183; x_wconf 93' lang='lat'>&#39;</span> <span class='ocrx_word' id='word_1_32' title='bbox 294 1172 371 1235; x_wconf 83' lang='lat' dir='ltr'><strong>Item</strong></span> <span class='ocrx_word' id='word_1_33' title='bbox 386 1173 418 1236; x_wconf 92' lang='lat' dir='ltr'>in</span> <span class='ocrx_word' id='word_1_34' title='bbox 440 1175 728 1245; x_wconf 88' lang='lat' dir='ltr'>homiliatricesima</span> <span class='ocrx_word' id='word_1_35' title='bbox 739 1181 856 1264; x_wconf 88' lang='lat' dir='ltr'>prima:</span> <span class='ocrx_word' id='word_1_36' title='bbox 876 1209 888 1231; x_wconf 87' lang='lat'>.</span> <span class='ocrx_word' id='word_1_37' title='bbox 909 1177 956 1242; x_wconf 90' lang='lat' dir='ltr'>At</span> <span class='ocrx_word' id='word_1_38' title='bbox 967 1176 1009 1240; x_wconf 92' lang='lat' dir='ltr'>illi</span> <span class='ocrx_word' id='word_1_39' title='bbox 1027 1175 1170 1241; x_wconf 92' lang='lat' dir='ltr'>viderunt</span> <span class='ocrx_word' id='word_1_40' title='bbox 1184 1175 1293 1240; x_wconf 90' lang='lat' dir='ltr'>Chris·</span> 
     </span>
    </p>
   </div>
   <div class='ocr_carea' id='block_1_4' title="bbox 294 1274 1301 4154">
    <p class='ocr_par' dir='ltr' id='par_1_4' title="bbox 294 1274 1301 4154">
     <span class='ocr_line' id='line_1_6' title="bbox 294 1274 1293 1356; baseline 0.005 -22"><span class='ocrx_word' id='word_1_41' title='bbox 294 1283 358 1335; x_wconf 87' lang='lat' dir='ltr'>turn</span> <span class='ocrx_word' id='word_1_42' title='bbox 377 1295 432 1338; x_wconf 86' lang='lat' dir='ltr'>suo</span> <span class='ocrx_word' id='word_1_43' title='bbox 453 1277 566 1342; x_wconf 91' lang='lat' dir='ltr'>scelere</span> <span class='ocrx_word' id='word_1_44' title='bbox 584 1282 787 1356; x_wconf 89' lang='lat' dir='ltr'>morientem,</span> <span class='ocrx_word' id='word_1_45' title='bbox 806 1286 838 1343; x_wconf 92' lang='lat' dir='ltr'>et</span> <span class='ocrx_word' id='word_1_46' title='bbox 863 1277 1057 1342; x_wconf 89' lang='lat' dir='ltr'>crediderunt</span> <span class='ocrx_word' id='word_1_47' title='bbox 1079 1275 1111 1337; x_wconf 92' lang='lat' dir='ltr'>in</span> <span class='ocrx_word' id='word_1_48' title='bbox 1133 1274 1293 1341; x_wconf 83' lang='lat' dir='ltr'>Christum</span> 
     </span>
     <span class='ocr_line' id='line_1_7' title="bbox 294 1372 1293 1463; baseline 0.006 -30"><span class='ocrx_word' id='word_1_49' title='bbox 294 1372 357 1436; x_wconf 85' lang='lat' dir='ltr'>suis</span> <span class='ocrx_word' id='word_1_50' title='bbox 369 1376 530 1442; x_wconf 82' lang='lat' dir='ltr'>sceleribus</span> <span class='ocrx_word' id='word_1_51' title='bbox 545 1380 764 1463; x_wconf 78' lang='lat' dir='ltr'>ignoscentem.</span> <span class='ocrx_word' id='word_1_52' title='bbox 783 1380 950 1461; x_wconf 79' lang='lat' dir='ltr'>Quousque</span> <span class='ocrx_word' id='word_1_53' title='bbox 964 1377 1103 1440; x_wconf 84' lang='lat' dir='ltr'>biberent</span> <span class='ocrx_word' id='word_1_54' title='bbox 1113 1376 1293 1459; x_wconf 85' lang='lat' dir='ltr'>sanguinem</span> 
     </span>
     <span class='ocr_line' id='line_1_8' title="bbox 295 1474 1293 1563; baseline 0.002 -28"><span class='ocrx_word' id='word_1_55' title='bbox 295 1494 386 1556; x_wconf 93' lang='lat' dir='ltr'>quem</span> <span class='ocrx_word' id='word_1_56' title='bbox 406 1475 568 1556; x_wconf 85' lang='lat' dir='ltr'>fuderant,</span> <span class='ocrx_word' id='word_1_57' title='bbox 591 1482 706 1546; x_wconf 88' lang='lat' dir='ltr'>desua</span> <span class='ocrx_word' id='word_1_58' title='bbox 724 1482 823 1545; x_wconf 86' lang='lat' dir='ltr'>salute</span> <span class='ocrx_word' id='word_1_59' title='bbox 844 1481 1082 1563; x_wconf 87' lang='lat' dir='ltr'>desperaverant</span> <span class='ocrx_word' id='word_1_60' title='bbox 1108 1506 1135 1537; x_wconf 74' lang='lat' dir='ltr'>n.</span> <span class='ocrx_word' id='word_1_61' title='bbox 1161 1474 1241 1538; x_wconf 82' lang='lat' dir='ltr'>Item</span> <span class='ocrx_word' id='word_1_62' title='bbox 1262 1475 1293 1537; x_wconf 93' lang='lat' dir='ltr'>in</span> 
     </span>
     <span class='ocr_line' id='line_1_9' title="bbox 295 1572 1293 1660; baseline 0.001 -23"><span class='ocrx_word' id='word_1_63' title='bbox 295 1575 545 1660; x_wconf 86' lang='lat' dir='ltr'>quadragesima:</span> <span class='ocrx_word' id='word_1_64' title='bbox 569 1611 581 1634; x_wconf 75' lang='lat' dir='ltr'>u</span> <span class='ocrx_word' id='word_1_65' title='bbox 601 1582 662 1659; x_wconf 79' lang='lat' dir='ltr'>Qui</span> <span class='ocrx_word' id='word_1_66' title='bbox 685 1582 849 1646; x_wconf 88' lang='lat' dir='ltr'>saevientes</span> <span class='ocrx_word' id='word_1_67' title='bbox 871 1578 1063 1650; x_wconf 89' lang='lat' dir='ltr'>occiderunt,</span> <span class='ocrx_word' id='word_1_68' title='bbox 1088 1572 1201 1638; x_wconf 87' lang='lat' dir='ltr'>imitati</span> <span class='ocrx_word' id='word_1_69' title='bbox 1227 1595 1293 1639; x_wconf 91' lang='lat' dir='ltr'>cre·</span> 
     </span>
     <span class='ocr_line' id='line_1_10' title="bbox 296 1672 1292 1766; baseline 0.001 -32"><span class='ocrx_word' id='word_1_70' title='bbox 296 1672 462 1750; x_wconf 85' lang='lat' dir='ltr'>didenmt;</span> <span class='ocrx_word' id='word_1_71' title='bbox 489 1686 520 1742; x_wconf 91' lang='lat' dir='ltr'>et</span> <span class='ocrx_word' id='word_1_72' title='bbox 543 1701 635 1763; x_wconf 90' lang='lat' dir='ltr'>quem</span> <span class='ocrx_word' id='word_1_73' title='bbox 656 1681 835 1766; x_wconf 86' lang='lat' dir='ltr'>sanguinem</span> <span class='ocrx_word' id='word_1_74' title='bbox 857 1676 1009 1742; x_wconf 87' lang='lat' dir='ltr'>saeviendo</span> <span class='ocrx_word' id='word_1_75' title='bbox 1035 1673 1197 1748; x_wconf 79' lang='lat' dir='ltr'>fuderrmt,</span> <span class='ocrx_word' id='word_1_76' title='bbox 1224 1693 1292 1736; x_wconf 90' lang='lat' dir='ltr'>cre-</span> 
     </span>
     <span class='ocr_line' id='line_1_11' title="bbox 296 1771 1294 1860; baseline 0.003 -28"><span class='ocrx_word' id='word_1_77' title='bbox 296 1771 396 1837; x_wconf 89' lang='lat' dir='ltr'>dendo</span> <span class='ocrx_word' id='word_1_78' title='bbox 422 1777 574 1846; x_wconf 88' lang='lat' dir='ltr'>bibemnt.</span> <span class='ocrx_word' id='word_1_79' title='bbox 593 1814 606 1837; x_wconf 68' lang='grc' dir='ltr'><em>η</em></span> <span class='ocrx_word' id='word_1_80' title='bbox 622 1782 700 1846; x_wconf 87' lang='lat' dir='ltr'>Item</span> <span class='ocrx_word' id='word_1_81' title='bbox 716 1782 745 1845; x_wconf 93' lang='lat' dir='ltr'>in</span> <span class='ocrx_word' id='word_1_82' title='bbox 766 1800 906 1845; x_wconf 85' lang='lat' dir='ltr'>sermone</span> <span class='ocrx_word' id='word_1_83' title='bbox 922 1779 961 1842; x_wconf 93' lang='lat' dir='ltr'>ad</span> <span class='ocrx_word' id='word_1_84' title='bbox 979 1776 1171 1860; x_wconf 90' lang='lat' dir='ltr'>neophytos:</span> <span class='ocrx_word' id='word_1_85' title='bbox 1192 1802 1206 1826; x_wconf 92' lang='lat'>.</span> <span class='ocrx_word' id='word_1_86' title='bbox 1223 1774 1294 1837; x_wconf 92' lang='lat' dir='ltr'>Hoc</span> 
     </span>
     <span class='ocr_line' id='line_1_12' title="bbox 299 1872 1294 1967; baseline 0.002 -33"><span class='ocrx_word' id='word_1_87' title='bbox 299 1874 427 1957; x_wconf 86' lang='lat' dir='ltr'>accipite</span> <span class='ocrx_word' id='word_1_88' title='bbox 441 1877 471 1942; x_wconf 93' lang='lat' dir='ltr'>in</span> <span class='ocrx_word' id='word_1_89' title='bbox 487 1901 584 1963; x_wconf 89' lang='lat' dir='ltr'>pane,</span> <span class='ocrx_word' id='word_1_90' title='bbox 603 1884 683 1965; x_wconf 92' lang='lat' dir='ltr'>quod</span> <span class='ocrx_word' id='word_1_91' title='bbox 702 1882 850 1967; x_wconf 85' lang='lat' dir='ltr'>pependit</span> <span class='ocrx_word' id='word_1_92' title='bbox 867 1880 899 1942; x_wconf 93' lang='lat' dir='ltr'>in</span> <span class='ocrx_word' id='word_1_93' title='bbox 918 1899 1016 1943; x_wconf 90' lang='lat' dir='ltr'>cruce.</span> <span class='ocrx_word' id='word_1_94' title='bbox 1031 1879 1075 1940; x_wconf 89' lang='lat' dir='ltr'>Et</span> <span class='ocrx_word' id='word_1_95' title='bbox 1093 1875 1150 1937; x_wconf 91' lang='lat' dir='ltr'>hoc</span> <span class='ocrx_word' id='word_1_96' title='bbox 1165 1872 1294 1956; x_wconf 87' lang='lat' dir='ltr'>accipite</span> 
     </span>
     <span class='ocr_line' id='line_1_13' title="bbox 299 1971 1293 2063; baseline 0.001 -30"><span class='ocrx_word' id='word_1_97' title='bbox 299 1971 331 2034; x_wconf 92' lang='lat' dir='ltr'>in</span> <span class='ocrx_word' id='word_1_98' title='bbox 348 1976 458 2055; x_wconf 84' lang='lat' dir='ltr'>calice,</span> <span class='ocrx_word' id='word_1_99' title='bbox 474 1982 557 2063; x_wconf 91' lang='lat' dir='ltr'>quod</span> <span class='ocrx_word' id='word_1_100' title='bbox 572 1981 700 2046; x_wconf 80' lang='lat' dir='ltr'>effusum</span> <span class='ocrx_word' id='word_1_101' title='bbox 716 1991 763 2045; x_wconf 84' lang='lat' dir='ltr'>est</span> <span class='ocrx_word' id='word_1_102' title='bbox 777 1982 815 2044; x_wconf 90' lang='lat' dir='ltr'>de</span> <span class='ocrx_word' id='word_1_103' title='bbox 827 1977 940 2044; x_wconf 86' lang='lat' dir='ltr'>Christi</span> <span class='ocrx_word' id='word_1_104' title='bbox 955 1978 1060 2039; x_wconf 90' lang='lat' dir='ltr'>latere.</span> <span class='ocrx_word' id='word_1_105' title='bbox 1075 1973 1144 2037; x_wconf 92' lang='lat' dir='ltr'>Erit</span> <span class='ocrx_word' id='word_1_106' title='bbox 1155 1973 1237 2037; x_wconf 90' lang='lat' dir='ltr'>enim</span> <span class='ocrx_word' id='word_1_107' title='bbox 1250 1972 1293 2035; x_wconf 90' lang='lat' dir='ltr'>illi</span> 
     </span>
     <span class='ocr_line' id='line_1_14' title="bbox 300 2073 1294 2164; baseline 0.002 -32"><span class='ocrx_word' id='word_1_108' title='bbox 300 2093 382 2136; x_wconf 89' lang='lat' dir='ltr'>mors</span> <span class='ocrx_word' id='word_1_109' title='bbox 396 2127 402 2149; x_wconf 92' lang='lat'><em>,</em></span> <span class='ocrx_word' id='word_1_110' title='bbox 418 2099 478 2141; x_wconf 91' lang='lat' dir='ltr'>non</span> <span class='ocrx_word' id='word_1_111' title='bbox 490 2080 571 2155; x_wconf 89' lang='lat' dir='ltr'>vita,</span> <span class='ocrx_word' id='word_1_112' title='bbox 586 2081 637 2164; x_wconf 93' lang='lat' dir='ltr'>qui</span> <span class='ocrx_word' id='word_1_113' title='bbox 652 2082 827 2145; x_wconf 90' lang='lat' dir='ltr'>mendacem</span> <span class='ocrx_word' id='word_1_114' title='bbox 842 2077 997 2163; x_wconf 92' lang='lat' dir='ltr'>putaverit</span> <span class='ocrx_word' id='word_1_115' title='bbox 1011 2075 1107 2140; x_wconf 89' lang='lat' dir='ltr'>vitam</span> <span class='ocrx_word' id='word_1_116' title='bbox 1126 2103 1153 2136; x_wconf 68' lang='grc' dir='ltr'>ν.</span> <span class='ocrx_word' id='word_1_117' title='bbox 1168 2073 1248 2136; x_wconf 85' lang='lat' dir='ltr'>Item</span> <span class='ocrx_word' id='word_1_118' title='bbox 1262 2073 1294 2134; x_wconf 91' lang='lat' dir='ltr'>in</span> 
     </span>
     <span class='ocr_line' id='line_1_15' title="bbox 301 2171 1293 2267; baseline 0.002 -35"><span class='ocrx_word' id='word_1_119' title='bbox 301 2171 376 2235; x_wconf 89' lang='lat' dir='ltr'>libro</span> <span class='ocrx_word' id='word_1_120' title='bbox 388 2187 496 2258; x_wconf 87' lang='lat' dir='ltr'>quarto</span> <span class='ocrx_word' id='word_1_121' title='bbox 511 2181 549 2244; x_wconf 91' lang='lat' dir='ltr'>de</span> <span class='ocrx_word' id='word_1_122' title='bbox 563 2182 735 2267; x_wconf 71' lang='lat' dir='ltr'>Trinitate3</span> <span class='ocrx_word' id='word_1_123' title='bbox 756 2211 769 2232; x_wconf 74' lang='lat' dir='ltr'>u</span> <span class='ocrx_word' id='word_1_124' title='bbox 792 2179 888 2263; x_wconf 89' lang='lat' dir='ltr'>Apud</span> <span class='ocrx_word' id='word_1_125' title='bbox 899 2199 968 2242; x_wconf 88' lang='lat' dir='ltr'>eum</span> <span class='ocrx_word' id='word_1_126' title='bbox 982 2172 1154 2258; x_wconf 84' lang='lat' dir='ltr'>paucissimi</span> <span class='ocrx_word' id='word_1_127' title='bbox 1170 2193 1293 2235; x_wconf 84' lang='lat' dir='ltr'>reman-</span> 
     </span>
     <span class='ocr_line' id='line_1_16' title="bbox 300 2272 1293 2364; baseline 0.001 -31"><span class='ocrx_word' id='word_1_128' title='bbox 300 2284 424 2350; x_wconf 84' lang='lat' dir='ltr'>serunt,</span> <span class='ocrx_word' id='word_1_129' title='bbox 454 2282 686 2364; x_wconf 86' lang='lat' dir='ltr'>agnoscentibus</span> <span class='ocrx_word' id='word_1_130' title='bbox 711 2281 884 2354; x_wconf 88' lang='lat' dir='ltr'>Gentibus,</span> <span class='ocrx_word' id='word_1_131' title='bbox 916 2285 948 2342; x_wconf 91' lang='lat' dir='ltr'>et</span> <span class='ocrx_word' id='word_1_132' title='bbox 973 2276 1025 2359; x_wconf 90' lang='lat' dir='ltr'>pia</span> <span class='ocrx_word' id='word_1_133' title='bbox 1049 2272 1222 2338; x_wconf 86' lang='lat' dir='ltr'>humilitate</span> <span class='ocrx_word' id='word_1_134' title='bbox 1245 2272 1293 2334; x_wconf 90' lang='lat' dir='ltr'>bi-</span> 
     </span>
     <span class='ocr_line' id='line_1_17' title="bbox 300 2371 1296 2465; baseline 0.002 -33"><span class='ocrx_word' id='word_1_135' title='bbox 300 2372 439 2439; x_wconf 89' lang='lat' dir='ltr'>bentibus</span> <span class='ocrx_word' id='word_1_136' title='bbox 471 2379 601 2460; x_wconf 91' lang='lat' dir='ltr'>pretium</span> <span class='ocrx_word' id='word_1_137' title='bbox 634 2403 751 2455; x_wconf 88' lang='lat' dir='ltr'>suum,</span> <span class='ocrx_word' id='word_1_138' title='bbox 786 2381 913 2465; x_wconf 88' lang='lat' dir='ltr'>ejusque</span> <span class='ocrx_word' id='word_1_139' title='bbox 944 2375 1055 2440; x_wconf 88' lang='lat' dir='ltr'>fiducia</span> <span class='ocrx_word' id='word_1_140' title='bbox 1086 2371 1296 2437; x_wconf 84' lang='lat' dir='ltr'>deserentibus</span> 
     </span>
     <span class='ocr_line' id='line_1_18' title="bbox 299 2469 1292 2564; baseline 0.003 -32"><span class='ocrx_word' id='word_1_141' title='bbox 299 2469 419 2538; x_wconf 92' lang='lat' dir='ltr'>hostem</span> <span class='ocrx_word' id='word_1_142' title='bbox 449 2498 536 2541; x_wconf 91' lang='lat' dir='ltr'>suum</span> <span class='ocrx_word' id='word_1_143' title='bbox 552 2512 581 2544; x_wconf 66' lang='grc' dir='ltr'>υ.</span> <span class='ocrx_word' id='word_1_144' title='bbox 595 2481 638 2546; x_wconf 89' lang='lat' dir='ltr'>Et</span> <span class='ocrx_word' id='word_1_145' title='bbox 658 2482 689 2544; x_wconf 90' lang='lat' dir='ltr'>in</span> <span class='ocrx_word' id='word_1_146' title='bbox 712 2479 906 2564; x_wconf 89' lang='lat' dir='ltr'>subsequenti</span> <span class='ocrx_word' id='word_1_147' title='bbox 928 2475 1060 2561; x_wconf 79' lang='lat' dir='ltr'>mpitulo</span> <span class='ocrx_word' id='word_1_148' title='bbox 1081 2480 1152 2558; x_wconf 90' lang='lat' dir='ltr'>post</span> <span class='ocrx_word' id='word_1_149' title='bbox 1174 2473 1292 2555; x_wconf 87' lang='lat' dir='ltr'>aliqua:</span> 
     </span>
     <span class='ocr_line' id='line_1_19' title="bbox 305 2571 1293 2663; baseline -0.003 -27"><span class='ocrx_word' id='word_1_150' title='bbox 305 2599 317 2620; x_wconf 57' lang='grc' dir='ltr'>ιι</span> <span class='ocrx_word' id='word_1_151' title='bbox 339 2571 420 2650; x_wconf 79' lang='lat' dir='ltr'>Quid</span> <span class='ocrx_word' id='word_1_152' title='bbox 443 2582 507 2639; x_wconf 91' lang='lat' dir='ltr'>tarn</span> <span class='ocrx_word' id='word_1_153' title='bbox 530 2581 675 2644; x_wconf 90' lang='lat' dir='ltr'>mundum</span> <span class='ocrx_word' id='word_1_154' title='bbox 705 2601 760 2663; x_wconf 91' lang='lat' dir='ltr'>pro</span> <span class='ocrx_word' id='word_1_155' title='bbox 786 2579 969 2643; x_wconf 91' lang='lat' dir='ltr'>mundandis</span> <span class='ocrx_word' id='word_1_156' title='bbox 992 2575 1074 2640; x_wconf 89' lang='lat' dir='ltr'>vitiis</span> <span class='ocrx_word' id='word_1_157' title='bbox 1097 2573 1293 2646; x_wconf 79' lang='lat' dir='ltr'>mortalium,</span> 
     </span>
     <span class='ocr_line' id='line_1_20' title="bbox 302 2673 1296 2765; baseline -0.002 -29"><span class='ocrx_word' id='word_1_158' title='bbox 302 2690 394 2752; x_wconf 87' lang='lat' dir='ltr'>quam</span> <span class='ocrx_word' id='word_1_159' title='bbox 419 2675 484 2740; x_wconf 89' lang='lat' dir='ltr'>sine</span> <span class='ocrx_word' id='word_1_160' title='bbox 511 2680 571 2742; x_wconf 86' lang='lat' dir='ltr'>ulla</span> <span class='ocrx_word' id='word_1_161' title='bbox 596 2681 777 2765; x_wconf 80' lang='lat' dir='ltr'>contagione</span> <span class='ocrx_word' id='word_1_162' title='bbox 803 2678 932 2744; x_wconf 90' lang='lat' dir='ltr'>carnalis</span> <span class='ocrx_word' id='word_1_163' title='bbox 956 2673 1204 2758; x_wconf 85' lang='lat' dir='ltr'>concupiscentiae</span> <span class='ocrx_word' id='word_1_164' title='bbox 1224 2693 1296 2736; x_wconf 92' lang='lat' dir='ltr'>caro</span> 
     </span>
     <span class='ocr_line' id='line_1_21' title="bbox 301 2771 1297 2860; baseline 0.004 -32"><span class='ocrx_word' id='word_1_165' title='bbox 301 2776 375 2832; x_wconf 87' lang='lat' dir='ltr'>nata</span> <span class='ocrx_word' id='word_1_166' title='bbox 397 2771 427 2834; x_wconf 94' lang='lat' dir='ltr'>in</span> <span class='ocrx_word' id='word_1_167' title='bbox 448 2783 556 2851; x_wconf 90' lang='lat' dir='ltr'>utero,</span> <span class='ocrx_word' id='word_1_168' title='bbox 581 2787 612 2841; x_wconf 92' lang='lat' dir='ltr'>et</span> <span class='ocrx_word' id='word_1_169' title='bbox 635 2800 672 2841; x_wconf 87' lang='lat' dir='ltr'>ex</span> <span class='ocrx_word' id='word_1_170' title='bbox 693 2786 779 2841; x_wconf 89' lang='lat' dir='ltr'>utero</span> <span class='ocrx_word' id='word_1_171' title='bbox 800 2775 959 2860; x_wconf 85' lang='lat' dir='ltr'>virginalil</span> <span class='ocrx_word' id='word_1_172' title='bbox 974 2776 1017 2837; x_wconf 89' lang='lat' dir='ltr'>Et</span> <span class='ocrx_word' id='word_1_173' title='bbox 1035 2772 1109 2855; x_wconf 91' lang='lat' dir='ltr'>quid</span> <span class='ocrx_word' id='word_1_174' title='bbox 1126 2779 1190 2835; x_wconf 89' lang='lat' dir='ltr'>tam</span> <span class='ocrx_word' id='word_1_175' title='bbox 1208 2775 1297 2853; x_wconf 84' lang='lat' dir='ltr'>grate</span> 
     </span>
     <span class='ocr_line' id='line_1_22' title="bbox 303 2869 1299 2962; baseline 0.001 -32"><span class='ocrx_word' id='word_1_176' title='bbox 303 2869 402 2936; x_wconf 84' lang='lat' dir='ltr'>offerri</span> <span class='ocrx_word' id='word_1_177' title='bbox 417 2880 449 2936; x_wconf 88' lang='lat' dir='ltr'>et</span> <span class='ocrx_word' id='word_1_178' title='bbox 463 2877 574 2962; x_wconf 87' lang='lat' dir='ltr'>suscipi</span> <span class='ocrx_word' id='word_1_179' title='bbox 585 2887 705 2961; x_wconf 88' lang='lat' dir='ltr'>posset,</span> <span class='ocrx_word' id='word_1_180' title='bbox 722 2898 815 2960; x_wconf 86' lang='lat' dir='ltr'>quam</span> <span class='ocrx_word' id='word_1_181' title='bbox 837 2895 907 2938; x_wconf 89' lang='lat' dir='ltr'>caro</span> <span class='ocrx_word' id='word_1_182' title='bbox 919 2871 1056 2938; x_wconf 86' lang='lat' dir='ltr'>sacrificii</span> <span class='ocrx_word' id='word_1_183' title='bbox 1073 2870 1169 2934; x_wconf 89' lang='lat' dir='ltr'>nostri</span> <span class='ocrx_word' id='word_1_184' title='bbox 1185 2890 1299 2952; x_wconf 88' lang='lat' dir='ltr'>corpus</span> 
     </span>
     <span class='ocr_line' id='line_1_23' title="bbox 303 2970 1298 3055; baseline 0.002 -24"><span class='ocrx_word' id='word_1_185' title='bbox 303 2970 442 3036; x_wconf 86' lang='lat' dir='ltr'>effectum</span> <span class='ocrx_word' id='word_1_186' title='bbox 466 2978 633 3042; x_wconf 86' lang='lat' dir='ltr'>sacerdotis</span> <span class='ocrx_word' id='word_1_187' title='bbox 652 2976 769 3043; x_wconf 76' lang='lat' dir='ltr'>nostrii</span> <span class='ocrx_word' id='word_1_188' title='bbox 800 3008 813 3031; x_wconf 76' lang='lat' dir='ltr'>n</span> <span class='ocrx_word' id='word_1_189' title='bbox 841 2975 906 3038; x_wconf 90' lang='lat' dir='ltr'>Leo</span> <span class='ocrx_word' id='word_1_190' title='bbox 920 2974 1028 3055; x_wconf 83' lang='lat' dir='ltr'>Papa,</span> <span class='ocrx_word' id='word_1_191' title='bbox 1043 2972 1074 3034; x_wconf 91' lang='lat' dir='ltr'>in</span> <span class='ocrx_word' id='word_1_192' title='bbox 1098 2990 1237 3033; x_wconf 87' lang='lat' dir='ltr'>sermone</span> <span class='ocrx_word' id='word_1_193' title='bbox 1257 2970 1298 3033; x_wconf 91' lang='lat' dir='ltr'>de</span> 
     </span>
     <span class='ocr_line' id='line_1_24' title="bbox 299 3067 1295 3159; baseline -0.001 -26"><span class='ocrx_word' id='word_1_194' title='bbox 299 3071 414 3155; x_wconf 86' lang='lat' dir='ltr'>jejunio</span> <span class='ocrx_word' id='word_1_195' title='bbox 430 3077 552 3159; x_wconf 82' lang='lat' dir='ltr'>septImi</span> <span class='ocrx_word' id='word_1_196' title='bbox 563 3078 691 3142; x_wconf 87' lang='lat' dir='ltr'>mensis:</span> <span class='ocrx_word' id='word_1_197' title='bbox 709 3108 721 3129; x_wconf 75' lang='lat' dir='ltr'><em>u</em></span> <span class='ocrx_word' id='word_1_198' title='bbox 736 3078 829 3140; x_wconf 90' lang='lat' dir='ltr'>Hane</span> <span class='ocrx_word' id='word_1_199' title='bbox 839 3073 1075 3147; x_wconf 81' lang='lat' dir='ltr'>contessionem,</span> <span class='ocrx_word' id='word_1_200' title='bbox 1089 3067 1295 3142; x_wconf 84' lang='lat' dir='ltr'>dilectissimi,</span> 
     </span>
     <span class='ocr_line' id='line_1_25' title="bbox 302 3172 1297 3258; baseline -0.002 -26"><span class='ocrx_word' id='word_1_201' title='bbox 302 3176 368 3235; x_wconf 90' lang='lat' dir='ltr'>toto</span> <span class='ocrx_word' id='word_1_202' title='bbox 391 3175 480 3237; x_wconf 91' lang='lat' dir='ltr'>corde</span> <span class='ocrx_word' id='word_1_203' title='bbox 502 3184 695 3258; x_wconf 76' lang='lat' dir='ltr'>promenteS,</span> <span class='ocrx_word' id='word_1_204' title='bbox 718 3174 812 3258; x_wconf 91' lang='lat' dir='ltr'>impia</span> <span class='ocrx_word' id='word_1_205' title='bbox 822 3172 1030 3236; x_wconf 74' lang='lat' dir='ltr'>baereticorum</span> <span class='ocrx_word' id='word_1_206' title='bbox 1041 3176 1215 3233; x_wconf 88' lang='lat' dir='ltr'>commenta</span> <span class='ocrx_word' id='word_1_207' title='bbox 1229 3188 1297 3230; x_wconf 84' lang='lat' dir='ltr'>res-</span> 
     </span>
     <span class='ocr_line' id='line_1_26' title="bbox 303 3267 1300 3362; baseline -0.005 -27"><span class='ocrx_word' id='word_1_208' title='bbox 303 3271 387 3353; x_wconf 91' lang='lat' dir='ltr'>puite</span> <span class='ocrx_word' id='word_1_209' title='bbox 400 3296 406 3336; x_wconf 77' lang='grc' dir='ltr'><strong><em>ε</em></strong></span> <span class='ocrx_word' id='word_1_210' title='bbox 421 3283 456 3338; x_wconf 92' lang='lat' dir='ltr'>ut</span> <span class='ocrx_word' id='word_1_211' title='bbox 466 3277 582 3362; x_wconf 89' lang='lat' dir='ltr'>jejunia</span> <span class='ocrx_word' id='word_1_212' title='bbox 595 3285 709 3350; x_wconf 89' lang='lat' dir='ltr'>vestra,</span> <span class='ocrx_word' id='word_1_213' title='bbox 722 3283 754 3338; x_wconf 90' lang='lat' dir='ltr'>et</span> <span class='ocrx_word' id='word_1_214' title='bbox 768 3274 969 3356; x_wconf 86' lang='lat' dir='ltr'>eleemosynae</span> <span class='ocrx_word' id='word_1_215' title='bbox 982 3268 1094 3334; x_wconf 89' lang='lat' dir='ltr'>nullius</span> <span class='ocrx_word' id='word_1_216' title='bbox 1106 3267 1217 3331; x_wconf 87' lang='lat' dir='ltr'>erroris</span> <span class='ocrx_word' id='word_1_217' title='bbox 1228 3288 1300 3330; x_wconf 91' lang='lat' dir='ltr'>con-</span> 
     </span>
     <span class='ocr_line' id='line_1_27' title="bbox 303 3368 1296 3458; baseline -0.003 -25"><span class='ocrx_word' id='word_1_218' title='bbox 303 3373 387 3456; x_wconf 88' lang='lat' dir='ltr'>tagio</span> <span class='ocrx_word' id='word_1_219' title='bbox 397 3376 581 3458; x_wconf 88' lang='lat' dir='ltr'>polluantur.</span> <span class='ocrx_word' id='word_1_220' title='bbox 595 3379 681 3441; x_wconf 89' lang='lat' dir='ltr'>Tunc</span> <span class='ocrx_word' id='word_1_221' title='bbox 692 3377 772 3439; x_wconf 91' lang='lat' dir='ltr'>enim</span> <span class='ocrx_word' id='word_1_222' title='bbox 785 3382 817 3439; x_wconf 92' lang='lat' dir='ltr'>et</span> <span class='ocrx_word' id='word_1_223' title='bbox 828 3371 966 3438; x_wconf 88' lang='lat' dir='ltr'>sacrificii</span> <span class='ocrx_word' id='word_1_224' title='bbox 977 3370 1090 3435; x_wconf 89' lang='lat' dir='ltr'>munda</span> <span class='ocrx_word' id='word_1_225' title='bbox 1099 3375 1147 3433; x_wconf 90' lang='lat' dir='ltr'>est</span> <span class='ocrx_word' id='word_1_226' title='bbox 1162 3368 1296 3441; x_wconf 89' lang='lat' dir='ltr'>ablatio,</span> 
     </span>
     <span class='ocr_line' id='line_1_28' title="bbox 304 3468 1299 3560; baseline 0 -28"><span class='ocrx_word' id='word_1_227' title='bbox 304 3478 334 3531; x_wconf 91' lang='lat' dir='ltr'>et</span> <span class='ocrx_word' id='word_1_228' title='bbox 345 3473 557 3537; x_wconf 88' lang='lat' dir='ltr'>misericordiae</span> <span class='ocrx_word' id='word_1_229' title='bbox 572 3482 679 3538; x_wconf 90' lang='lat' dir='ltr'>sancta</span> <span class='ocrx_word' id='word_1_230' title='bbox 695 3475 817 3560; x_wconf 86' lang='lat' dir='ltr'>largitio</span> <span class='ocrx_word' id='word_1_231' title='bbox 833 3525 839 3549; x_wconf 83' lang='lat'><strong><em>‚</em></strong></span> <span class='ocrx_word' id='word_1_232' title='bbox 860 3472 981 3557; x_wconf 86' lang='lat' dir='ltr'>quando</span> <span class='ocrx_word' id='word_1_233' title='bbox 994 3470 1026 3534; x_wconf 90' lang='lat' dir='ltr'>hi</span> <span class='ocrx_word' id='word_1_234' title='bbox 1040 3468 1093 3552; x_wconf 92' lang='lat' dir='ltr'>qui</span> <span class='ocrx_word' id='word_1_235' title='bbox 1106 3468 1167 3533; x_wconf 91' lang='lat' dir='ltr'>ista</span> <span class='ocrx_word' id='word_1_236' title='bbox 1181 3468 1299 3550; x_wconf 89' lang='lat' dir='ltr'>depen-</span> 
     </span>
     <span class='ocr_line' id='line_1_29' title="bbox 303 3568 1295 3657; baseline 0 -27"><span class='ocrx_word' id='word_1_237' title='bbox 303 3569 398 3646; x_wconf 85' lang='lat' dir='ltr'>dunt,</span> <span class='ocrx_word' id='word_1_238' title='bbox 417 3574 498 3654; x_wconf 88' lang='lat' dir='ltr'>quod</span> <span class='ocrx_word' id='word_1_239' title='bbox 517 3583 680 3656; x_wconf 89' lang='lat' dir='ltr'>operantur</span> <span class='ocrx_word' id='word_1_240' title='bbox 698 3574 881 3657; x_wconf 87' lang='lat' dir='ltr'>intelligunt.</span> <span class='ocrx_word' id='word_1_241' title='bbox 902 3573 985 3637; x_wconf 93' lang='lat' dir='ltr'>Nam</span> <span class='ocrx_word' id='word_1_242' title='bbox 1006 3571 1125 3655; x_wconf 82' lang='lat' dir='ltr'>dicente</span> <span class='ocrx_word' id='word_1_243' title='bbox 1143 3568 1295 3631; x_wconf 81' lang='lat' dir='ltr'>DomIno:</span> 
     </span>
     <span class='ocr_line' id='line_1_30' title="bbox 303 3666 1297 3744; baseline -0.003 -12"><span class='ocrx_word' id='word_1_244' title='bbox 303 3667 372 3732; x_wconf 91' lang='lat' dir='ltr'>Nisi</span> <span class='ocrx_word' id='word_1_245' title='bbox 387 3672 641 3737; x_wconf 90' lang='lat' dir='ltr'>manducaveritis</span> <span class='ocrx_word' id='word_1_246' title='bbox 655 3693 777 3736; x_wconf 86' lang='lat' dir='ltr'>earnem</span> <span class='ocrx_word' id='word_1_247' title='bbox 789 3673 842 3736; x_wconf 89' lang='lat' dir='ltr'>filii</span> <span class='ocrx_word' id='word_1_248' title='bbox 860 3670 1008 3744; x_wconf 85' lang='lat' dir='ltr'>hominis,</span> <span class='ocrx_word' id='word_1_249' title='bbox 1027 3676 1059 3733; x_wconf 92' lang='lat' dir='ltr'>et</span> <span class='ocrx_word' id='word_1_250' title='bbox 1072 3666 1209 3732; x_wconf 89' lang='lat' dir='ltr'>biberitis</span> <span class='ocrx_word' id='word_1_251' title='bbox 1223 3688 1297 3730; x_wconf 88' lang='lat' dir='ltr'>san-</span> 
     </span>
     <span class='ocr_line' id='line_1_31' title="bbox 303 3768 1301 3858; baseline -0.002 -26"><span class='ocrx_word' id='word_1_252' title='bbox 303 3768 424 3852; x_wconf 90' lang='lat' dir='ltr'>guinem</span> <span class='ocrx_word' id='word_1_253' title='bbox 440 3774 515 3858; x_wconf 82' lang='lat' dir='ltr'>ejus,</span> <span class='ocrx_word' id='word_1_254' title='bbox 531 3773 752 3838; x_wconf 88' lang='lat' dir='ltr'>nonhabebitis</span> <span class='ocrx_word' id='word_1_255' title='bbox 763 3774 860 3838; x_wconf 91' lang='lat' dir='ltr'>vitam</span> <span class='ocrx_word' id='word_1_256' title='bbox 872 3773 901 3836; x_wconf 94' lang='lat' dir='ltr'>in</span> <span class='ocrx_word' id='word_1_257' title='bbox 914 3769 1171 3836; x_wconf 75' lang='lat' dir='ltr'>vobisrsicsacrae</span> <span class='ocrx_word' id='word_1_258' title='bbox 1184 3789 1301 3831; x_wconf 88' lang='lat' dir='ltr'>mensae</span> 
     </span>
     <span class='ocr_line' id='line_1_32' title="bbox 303 3867 1300 3958; baseline -0.002 -26"><span class='ocrx_word' id='word_1_259' title='bbox 303 3873 525 3938; x_wconf 88' lang='lat' dir='ltr'>communicare</span> <span class='ocrx_word' id='word_1_260' title='bbox 540 3874 668 3948; x_wconf 63' lang='lat' dir='ltr'>debete,</span> <span class='ocrx_word' id='word_1_261' title='bbox 686 3882 722 3938; x_wconf 91' lang='lat' dir='ltr'>ut</span> <span class='ocrx_word' id='word_1_262' title='bbox 740 3873 813 3937; x_wconf 92' lang='lat' dir='ltr'>nihil</span> <span class='ocrx_word' id='word_1_263' title='bbox 834 3894 957 3958; x_wconf 89' lang='lat' dir='ltr'>prorsus</span> <span class='ocrx_word' id='word_1_264' title='bbox 975 3873 1013 3934; x_wconf 92' lang='lat' dir='ltr'>de</span> <span class='ocrx_word' id='word_1_265' title='bbox 1024 3869 1153 3933; x_wconf 88' lang='lat' dir='ltr'>veritate</span> <span class='ocrx_word' id='word_1_266' title='bbox 1164 3867 1300 3951; x_wconf 80' lang='lat' dir='ltr'>corporis</span> 
     </span>
     <span class='ocr_line' id='line_1_33' title="bbox 303 3968 1296 4061; baseline 0.003 -27"><span class='ocrx_word' id='word_1_267' title='bbox 303 3969 436 4046; x_wconf 79' lang='lat' dir='ltr'>Christi,</span> <span class='ocrx_word' id='word_1_268' title='bbox 468 3982 499 4038; x_wconf 92' lang='lat' dir='ltr'>et</span> <span class='ocrx_word' id='word_1_269' title='bbox 521 3975 678 4061; x_wconf 86' lang='lat' dir='ltr'>sanguinis</span> <span class='ocrx_word' id='word_1_270' title='bbox 700 3974 876 4060; x_wconf 88' lang='lat' dir='ltr'>ambigatis.</span> <span class='ocrx_word' id='word_1_271' title='bbox 893 3974 964 4037; x_wconf 88' lang='lat' dir='ltr'>Hoc</span> <span class='ocrx_word' id='word_1_272' title='bbox 985 3971 1066 4035; x_wconf 85' lang='lat' dir='ltr'>enim</span> <span class='ocrx_word' id='word_1_273' title='bbox 1081 3990 1136 4039; x_wconf 82' lang='lat' dir='ltr'>ore</span> <span class='ocrx_word' id='word_1_274' title='bbox 1154 3968 1296 4037; x_wconf 89' lang='lat' dir='ltr'>sumitur.</span> 
     </span>
     <span class='ocr_line' id='line_1_34' title="bbox 303 4069 1301 4154; baseline -0.005 -19"><span class='ocrx_word' id='word_1_275' title='bbox 303 4072 384 4153; x_wconf 91' lang='lat' dir='ltr'>quod</span> <span class='ocrx_word' id='word_1_276' title='bbox 402 4074 461 4138; x_wconf 89' lang='lat' dir='ltr'>fide</span> <span class='ocrx_word' id='word_1_277' title='bbox 472 4077 614 4153; x_wconf 87' lang='lat' dir='ltr'>creditur,</span> <span class='ocrx_word' id='word_1_278' title='bbox 634 4083 666 4140; x_wconf 93' lang='lat' dir='ltr'>et</span> <span class='ocrx_word' id='word_1_279' title='bbox 677 4074 789 4154; x_wconf 82' lang='lat' dir='ltr'>frustra</span> <span class='ocrx_word' id='word_1_280' title='bbox 807 4075 846 4138; x_wconf 91' lang='lat' dir='ltr'>ab</span> <span class='ocrx_word' id='word_1_281' title='bbox 864 4073 924 4136; x_wconf 90' lang='lat' dir='ltr'>illis</span> <span class='ocrx_word' id='word_1_282' title='bbox 947 4092 1035 4135; x_wconf 91' lang='lat' dir='ltr'>amen</span> <span class='ocrx_word' id='word_1_283' title='bbox 1050 4069 1263 4153; x_wconf 81' lang='lat' dir='ltr'>respondetur.</span> <span class='ocrx_word' id='word_1_284' title='bbox 1280 4089 1301 4130; x_wconf 87' lang='lat' dir='ltr'>a</span> 
     </span>
    </p>
   </div>
   <div class='ocr_carea' id='block_1_5' title="bbox 199 4167 1300 4259">
    <p class='ocr_par' dir='ltr' id='par_1_5' title="bbox 199 4167 1300 4259">
     <span class='ocr_line' id='line_1_35' title="bbox 199 4167 1300 4259; baseline -0.008 -20"><span class='ocrx_word' id='word_1_285' title='bbox 199 4177 202 4181; x_wconf 78' lang='grc'><strong>’</strong></span> <span class='ocrx_word' id='word_1_286' title='bbox 303 4173 413 4256; x_wconf 92' lang='lat' dir='ltr'>quibus</span> <span class='ocrx_word' id='word_1_287' title='bbox 437 4182 542 4239; x_wconf 88' lang='lat' dir='ltr'>eontra</span> <span class='ocrx_word' id='word_1_288' title='bbox 565 4177 596 4239; x_wconf 89' lang='lat' dir='ltr'>id</span> <span class='ocrx_word' id='word_1_289' title='bbox 616 4177 698 4259; x_wconf 89' lang='lat' dir='ltr'>quod</span> <span class='ocrx_word' id='word_1_290' title='bbox 721 4175 879 4257; x_wconf 87' lang='lat' dir='ltr'>accipitur,</span> <span class='ocrx_word' id='word_1_291' title='bbox 901 4173 1074 4255; x_wconf 90' lang='lat' dir='ltr'>disputatur</span> <span class='ocrx_word' id='word_1_292' title='bbox 1103 4202 1131 4232; x_wconf 55' lang='lat' dir='ltr'>a.</span> <span class='ocrx_word' id='word_1_293' title='bbox 1164 4171 1243 4233; x_wconf 87' lang='lat' dir='ltr'>Item</span> <span class='ocrx_word' id='word_1_294' title='bbox 1268 4167 1300 4230; x_wconf 90' lang='lat' dir='ltr'>iu</span> 
     </span>
    </p>
   </div>
   <div class='ocr_carea' id='block_1_6' title="bbox 304 4267 1301 4360">
    <p class='ocr_par' dir='ltr' id='par_1_6' title="bbox 304 4267 1301 4360">
     <span class='ocr_line' id='line_1_36' title="bbox 304 4267 1301 4360; baseline -0.006 -24"><span class='ocrx_word' id='word_1_295' title='bbox 304 4274 432 4357; x_wconf 89' lang='lat' dir='ltr'>epistola</span> <span class='ocrx_word' id='word_1_296' title='bbox 443 4276 588 4340; x_wconf 88' lang='lat' dir='ltr'>Anatolio</span> <span class='ocrx_word' id='word_1_297' title='bbox 599 4277 752 4360; x_wconf 87' lang='lat' dir='ltr'>Episcopo</span> <span class='ocrx_word' id='word_1_298' title='bbox 764 4275 874 4337; x_wconf 90' lang='lat' dir='ltr'>missa:</span> <span class='ocrx_word' id='word_1_299' title='bbox 891 4305 903 4325; x_wconf 68' lang='grc' dir='ltr'>ιι</span> <span class='ocrx_word' id='word_1_300' title='bbox 917 4271 1018 4336; x_wconf 89' lang='lat' dir='ltr'>Aliter</span> <span class='ocrx_word' id='word_1_301' title='bbox 1029 4270 1148 4333; x_wconf 90' lang='lat' dir='ltr'>enimin</span> <span class='ocrx_word' id='word_1_302' title='bbox 1159 4267 1301 4334; x_wconf 75' lang='lat' dir='ltr'>Ecclesia</span> 
     </span>
    </p>
   </div>
   <div class='ocr_carea' id='block_1_7' title="bbox 0 0 1609 5442">
    <p class='ocr_par' dir='ltr' id='par_1_7' title="bbox 0 0 1609 5442">
     <span class='ocr_line' id='line_1_37' title="bbox 0 0 1609 5442; baseline 0 0"><span class='ocrx_word' id='word_1_303' title='bbox 0 0 1609 5442; x_wconf 95' lang='lat' dir='ltr'> </span> 
     </span>
    </p>
   </div>
  </div>
 </body>
</html>
