3184 5442
582 733 700 776 nuossre
724 733 756 776 m·
780 734 827 774 er.
855 734 897 773 nu
921 733 993 775 nou,
1245 717 1285 778 21

716 1086 784 1127 CAP.
812 1086 859 1126 111.

337 1275 479 1337 Primum
494 1271 630 1360 quidem.
645 1273 657 1357 ]
674 1274 709 1337 ld
728 1280 796 1347 est,
817 1273 941 1356 quidam
959 1274 1135 1339 Judaeorum
1152 1276 1288 1340 credide·

294 1383 364 1438 runt
376 1374 581 1460 Evangelium
599 1372 732 1444 Christi,
752 1372 892 1437 instructi
912 1374 1191 1456 apraedicatoribus
1208 1377 1291 1439 Novi

294 1474 507 1549 Testamenti,
524 1474 652 1537 verbum
677 1471 753 1555 legis
771 1479 803 1535 et
813 1471 1051 1554 Prophetarum,
1069 1475 1152 1558 quod
1173 1473 1291 1540 facilius

294 1572 478 1637 factumest
498 1573 529 1635 in
554 1573 635 1645 illis,
653 1562 745 1655 quam
766 1571 797 1632 in
819 1571 864 1634 eis
885 1573 937 1655 qui
956 1574 1080 1638 Veteris
1101 1575 1292 1639 Testamenti

296 1672 419 1756 penitus
443 1678 584 1754 expertes
610 1678 708 1735 erant.
736 1705 776 1723 ·-
805 1670 919 1733 Fidem
944 1673 1006 1737 Dei.
1022 1673 1232 1760 evacuabitl]
1255 1675 1291 1738 Id

297 1777 368 1842 est,
399 1769 491 1835 efficit
512 1779 547 1834 ut
568 1771 636 1834 Deo
663 1792 723 1834 non
752 1771 864 1834 debeat
885 1771 987 1847 credi,
1016 1772 1067 1857 qui
1097 1773 1292 1856 praediximus

295 1870 422 1934 Judaeos
439 1891 507 1934 esse
528 1869 694 1934 credituros
714 1869 839 1954 (Totum
857 1889 913 1953 pm
932 1877 1021 1953 parte
1042 1872 1185 1953 ponens).
1203 1873 1291 1935 Jere·

294 1971 372 2034 inias
386 1969 541 2053 Propheta
552 1969 642 2034 dicite
658 1970 696 2032 ln
711 1969 821 2032 diebus
836 1967 1116 2032 calcabitur-luda.
1134 1972 1179 2033 Et
1191 1970 1267 2033 alias
1282 1994 1288 2033 :

295 2067 367 2155 Ego
386 2091 439 2132 ero
458 2068 551 2132 vobis
563 2073 597 2131 in
618 2070 715 2132 Deum
728 2091 740 2146 ,·
752 2082 783 2132 et
803 2077 867 2155 ipsi
877 2081 970 2131 erunt
987 2069 1065 2132 milri
1081 2076 1115 2132 in
1125 2068 1288 2156 populum.

294 2170 409 2233 Etalia
422 2169 563 2253 plurima.
592 2204 632 2220 -
660 2166 701 2234 Ut
701 2170 786 2254 justi
813 2177 907 2232 ceris.
922 2169 934 2255 l
947 2169 1092 2233 Probatio
1107 2169 1190 2254 quod
1204 2169 1291 2233 Deus

294 2288 389 2332 verax
407 2277 474 2333 est:
500 2267 621 2355 justitia
640 2267 721 2330 enim
748 2288 942 2343 sermonum,
960 2275 1006 2332 est
1026 2269 1153 2334 veritas.
1181 2305 1221 2326 —
1245 2270 1293 2331 Et

295 2369 447 2455 vineae]
466 2372 517 2435 Ex
535 2367 723 2432 abundantia
749 2368 806 2432 hoc
827 2367 974 2443 infertur;
993 2369 1067 2432 nihil
1090 2371 1131 2433 ad
1153 2369 1292 2454 superius

295 2476 506 2553 argumentum
526 2470 693 2552 pertinens
712 2467 796 2532 Vicit
822 2467 964 2533 Christus
986 2469 1078 2533 homo
1097 2470 1203 2543 Deae,
1222 2490 1290 2532 curn

292 2568 446 2653 judicatus
467 2576 537 2632 est:
567 2567 638 2652 quia
663 2575 789 2652 propter
817 2567 915 2651 ipsam
945 2569 1171 2645 humilitatem,
1201 2568 1291 2630 dedit

295 2669 422 2729 nomine
443 2671 475 2729 εἰ
498 2667 583 2729 Deus
609 2689 734 2742 nomen,
755 2667 842 2754 quod
855 2680 905 2731 esc
922 2691 1019 2754 saper
1037 2692 1135 2731 onena·
1153 2691 1286 2745 nomen,

296 2779 331 2829 ut
344 2771 377 2828 r'n
398 2768 474 2830 Iesu
501 2789 592 2829 omne
611 2790 697 2853 genu
705 2768 878 2853 flectatur,
904 2776 964 2834 etc.
992 2806 1032 2818 -
1057 2769 1095 2832 Sa·
1109 2780 1212 2831 autem
1230 2771 1292 2829 ini-

295 2862 435 2949 quitan]
469 2864 540 2927 Hoc
574 2862 643 2927 ideo
672 2861 847 2938 subinfert,
879 2864 952 2948 quia
985 2864 1089 2929 dicens
1111 2886 1122 2926 :-
1157 2862 1197 2927 Ut
1215 2864 1290 2948 jur·

297 2962 425 3047 reficeres
443 2966 477 3024 in
492 2960 688 3024 sermonibus
707 2965 788 3038 ruci,
808 2962 892 3026 visus
906 2970 955 3027 est
968 2984 1091 3028 causam
1108 2961 1287 3033 reddidisse,

298 3081 351 3124 cur
380 3061 593 3125 omnishomo
621 3067 702 3124 esset
731 3063 876 3125 mendax.
906 3064 950 3125 Et
979 3069 1072 3125 vocat
1099 3060 1291 3141 iniquitatem

297 3161 499 3225 mendacium.
525 3159 630 3223 -Si
660 3163 742 3223 aazia
766 3157 922 3244 veritas]
947 3159 1063 3224 lterum
1098 3157 1155 3219 hoc
1186 3157 1290 3220 subin-

296 3258 356 3324 fert
380 3281 418 3324 ex
443 3281 574 3344 persona
593 3261 672 3324 male
700 3258 946 3345 intelligentium.
972 3295 1017 3308 -
1038 3259 1083 3321 Er
1096 3280 1160 3320 non
1174 3256 1291 3343 sicut]

298 3360 405 3435 Orda,
426 3368 458 3424 et
479 3360 557 3425 sicut
578 3360 844 3444 blasphemamur;
872 3358 950 3425 sicut
972 3359 1059 3423 aiunt
1087 3357 1211 3443 quidam
1235 3379 1292 3420 nos

298 3460 412 3534 dicere,
426 3461 499 3544 quid
508 3482 570 3523 non
579 3459 725 3525 faciamus
734 3461 827 3537 mala,
839 3468 874 3525 ut
886 3461 1012 3525 veniant
1022 3462 1116 3534 bona,
1130 3458 1220 3533 sicut,
1228 3466 1288 3522 etc.

300 3596 340 3608 -
364 3559 579 3623 Proecellr'mrrs
590 3582 655 3622 eos.
666 3558 678 3645 ]
690 3561 726 3624 Id
739 3567 787 3624 est
800 3612 806 3633 ,
825 3581 865 3624 an
878 3581 935 3624 nos
947 3561 969 3623 J
969 3559 1048 3623 udaei
1063 3557 1292 3624 excellentiores

298 3667 331 3722 et
350 3660 503 3744 digniores
524 3680 631 3724 sumus
650 3680 743 3743 quam
767 3659 926 3724 Gentilesl
954 3696 994 3708 -
1023 3658 1156 3722 Camari
1178 3656 1291 3741 enini]

298 3759 395 3837 Quasi
413 3759 547 3823 diceret:
567 3758 629 3836 Qui
648 3779 739 3841 pares
759 3758 1011 3841 praecellenticres
1028 3777 1171 3821 essenon
1186 3776 1293 3839 possu-

298 3879 378 3921 mus.
390 3859 458 3921 Nec
469 3857 527 3921 hoc
538 3857 676 3942 superius
690 3858 721 3920 in
730 3859 786 3923 hac
798 3857 1013 3943 epistoladixit
1024 3881 1030 3921 :
1043 3857 1098 3920 sed
1108 3856 1292 3919 credendum

299 3964 366 4032 est,
388 3956 420 4019 in
433 3976 572 4021 sermone
594 3978 686 4043 quem
706 3959 746 4021 ad
760 3958 907 4041 populum
920 3958 1054 4022 habebat
1075 3975 1146 4019 eum
1167 3954 1291 4018 dixisse.

301 4090 342 4103 -
372 4054 580 4143 (litteramque
592 4055 644 4118 lem
655 4056 801 4144 quuitur.
815 4056 827 4143 ]
838 4059 953 4142 Legem
968 4056 1017 4120 hic
1027 4062 1118 4120 vocat
1132 4054 1289 4124 Psalmos,

299 4155 377 4218 sicut
392 4156 422 4218 in
447 4156 632 4240 Evangelio.
647 4156 762 4219 Nonne
786 4165 820 4219 in
838 4156 906 4244 Iege
924 4170 1034 4219 vestra
1055 4162 1204 4240 scrilrtum
1224 4167 1291 4215 est:

304 4254 373 4340 Ego
393 4253 464 4317 diac·
487 4255 540 4317 Dii
567 4265 653 4320 estis.
682 4248 724 4321 Et
750 4264 798 4321 est
823 4279 954 4332 sensus,
983 4254 1153 4341 superiores
1179 4253 1293 4318 Psalmi
