3184 5442
407 718 470 779 130
784 739 815 779 o.
844 737 1015 779 rauranum

403 877 494 959 galis,
509 897 580 938 narn
601 877 745 939 adoratus
759 877 798 938 ab
814 876 875 948 eis;
892 881 924 938 et
935 875 1034 937 omnis
1045 873 1098 957 qui
1113 874 1269 953 adoratur,
1281 873 1402 957 dignior

404 984 451 1039 est
462 978 619 1040 adorante.
635 976 756 1040 Deinde
767 977 860 1040 etiam
872 977 1018 1059 probatur
1027 974 1111 1056 ipsos
1122 994 1189 1036 esse
1200 972 1398 1056 indigniores,

402 1076 456 1159 qui
470 1076 642 1140 ministrant
656 1077 702 1148 ei;
721 1084 754 1140 et
773 1077 833 1140 hoo
848 1078 887 1139 ab
902 1075 1083 1138 auctoritate
1092 1097 1100 1148 ;
1120 1074 1202 1156 quod
1217 1081 1282 1148 est,
1308 1086 1339 1135 et
1358 1072 1405 1134 ad

401 1176 560 1263 Angelos,
579 1190 637 1238 etc.
664 1179 722 1251 Et,
747 1185 802 1263 qni
815 1175 907 1263 jacit
928 1175 1090 1261 Angelos,
1108 1187 1165 1237 etc.
1194 1211 1235 1222 -
1261 1173 1401 1236 Etodo-

402 1289 482 1338 rent.
496 1275 507 1360 ]
523 1277 718 1339 Incamatum
732 1277 869 1339 Verbum
884 1276 1010 1338 adorare
1025 1274 1209 1337 admonendi
1228 1281 1316 1338 eraut
1333 1274 1400 1335 An-

402 1376 476 1459 geli‚
501 1377 531 1437 in
552 1376 620 1458 ipsa
639 1375 799 1438 divinitate
823 1374 1038 1437 admonitionis
1061 1394 1121 1437 non
1142 1373 1329 1456 indigebant.
1358 1408 1399 1421 -

306 1461 314 1477 ⁸
402 1475 460 1536 Ad
474 1476 629 1561 Angelos.
643 1474 654 1559 ]
670 1475 765 1539 Ordo.
785 1473 846 1553 Qui
866 1473 940 1538 facit
954 1473 1080 1557 spiritus
1099 1494 1173 1536 suos
1194 1473 1348 1557 Angelos;
1369 1480 1401 1535 et

402 1574 559 1639 flammam
577 1575 657 1660 ignis
673 1595 744 1638 suos
759 1574 925 1637 ministros.
952 1610 992 1622 —
1022 1572 1167 1635 Thronus
1181 1585 1252 1634 tuus
1274 1569 1400 1656 Deus]

401 1675 478 1738 Item
495 1676 639 1758 probatur
651 1674 784 1758 dignior,
803 1694 874 1735 nam
886 1674 1031 1746 thronus,
1048 1671 1081 1734 id
1101 1680 1164 1746 est,
1183 1672 1271 1734 sedes
1288 1672 1356 1756 ejus
1368 1680 1401 1733 et

401 1782 553 1856 sceptrum
577 1776 642 1860 ejus
662 1780 765 1837 manet
785 1773 817 1836 in
831 1780 997 1845 aeternum;
1019 1773 1101 1854 quod
1120 1793 1180 1834 non
1195 1771 1396 1854 Angelorum.

404 1908 444 1920 -
468 1874 745 1936 Administratorii
755 1872 922 1958 spiritus]
938 1874 1071 1936 Probata
1085 1872 1179 1934 filiurn
1197 1892 1264 1934 esse
1278 1871 1399 1954 dignio-

406 1994 488 2047 rem,
512 1977 621 2056 probat
635 1995 755 2057 quoque
771 1973 909 2056 Angelos
924 1993 991 2035 esse
1013 1972 1213 2054 indigniorem
1229 1978 1301 2034 sunt
1318 1971 1400 2033 enirn

408 2074 433 2134 ei
451 2082 481 2135 et
498 2072 668 2136 horninibus
682 2071 943 2134 administrantes,

835 2396 904 2437 CAP.
932 2398 965 2437 11.

449 2581 634 2665 Propterea.
646 2580 657 2665 ]
673 2580 754 2659 Quia
768 2588 887 2644 tantam
899 2603 1003 2646 curam
1020 2583 1124 2647 habuit
1139 2590 1171 2645 et
1188 2583 1280 2648 habet
1293 2584 1396 2658 Deus,

405 2688 441 2744 ut
452 2680 586 2745 etlilium
602 2702 691 2744 suum
700 2701 755 2764 pro
767 2680 855 2743 nobis
870 2680 942 2745 fecit
952 2681 1119 2756 incarnari,
1134 2690 1167 2747 et
1180 2683 1318 2767 Angelos
1328 2705 1402 2747 suos

405 2781 436 2843 in
452 2781 652 2845 ministerium
666 2788 804 2844 nostrum
820 2780 955 2864 quotidie
970 2782 1093 2845 invitat.
1118 2817 1163 2830 -
1184 2781 1235 2844 Ne
1236 2781 1330 2869 sorte
1339 2807 1401 2869 pe-

406 2876 602 2967 reffluamus.
620 2879 632 2966 ]
647 2882 697 2945 Ne
708 2883 795 2967 pejus
807 2881 978 2964 puniamur,
993 2882 1062 2944 ideo
1078 2883 1159 2965 quod
1178 2883 1396 2967 cognovimus,

405 2992 511 3046 notum
525 2981 762 3065 postposuimus.
776 2982 836 3044 Vel
849 2981 994 3067 quiajam
1009 3003 1048 3044 ex
1062 2990 1151 3065 parte
1163 2982 1345 3058 decidimus,
1361 3006 1400 3048 ne

406 3104 444 3145 ex
459 3090 524 3147 toto
536 3083 723 3146 decidamus.
743 3117 783 3129 -
796 3080 908 3143 Sermo
911 3080 1037 3170 foetus.
1052 3081 1064 3166 ]
1076 3082 1199 3146 Veteris
1209 3083 1400 3148 Testamenti

404 3182 505 3265 legem
519 3183 609 3258 dicit,
630 3204 697 3266 quae
713 3203 768 3265 per
781 3182 919 3267 Angelos
937 3182 1010 3244 data
1028 3189 1076 3244 est
1091 3182 1205 3267 Moysi.
1225 3183 1298 3246 Non
1318 3183 1398 3246 enim

404 3282 490 3345 Deus
503 3303 559 3364 per
572 3282 726 3366 propriam
742 3283 945 3346 substantiam
963 3281 1156 3364 loquebatur;
1175 3283 1229 3344 sed
1246 3282 1356 3366 Angeli
1367 3283 1398 3345 in

404 3401 535 3460 persona
552 3380 624 3443 Dei.
652 3416 692 3428 —
717 3380 828 3442 Sermo
839 3379 955 3467 faetus
970 3393 1018 3442 est
1025 3380 1156 3465 firmus.
1171 3380 1183 3466 ]
1198 3381 1330 3465 Oportet
1343 3403 1400 3445 nos

405 3499 527 3541 servare
541 3497 712 3541 sermonem
727 3479 793 3564 ejus
805 3503 811 3551 ;
826 3501 897 3542 narn
913 3482 1016 3543 firmus
1037 3487 1106 3543 est:
1124 3482 1229 3545 firmus
1242 3480 1323 3544 enim
1334 3480 1399 3546 fac·

405 3583 455 3638 tus
469 3582 516 3638 est
529 3596 629 3638 senno
643 3577 733 3640 datus
752 3598 807 3660 per
821 3578 969 3662 Angelos.
992 3580 1123 3662 Oportet
1135 3601 1192 3643 nos
1209 3601 1347 3655 servare,
1367 3588 1400 3644 et

404 3675 502 3736 sinon
513 3675 752 3750 servaverimus,
766 3676 943 3759 puniemur;
962 3679 1103 3762 namqui
1124 3701 1184 3742 non
1201 3688 1399 3743 servaverunt

403 3774 502 3857 legem
518 3773 640 3849 datam,
655 3794 710 3857 per
725 3775 862 3858 Angelos
882 3776 982 3858 puniti
1001 3776 1131 3842 fuerunt.
1161 3815 1202 3828 -
1230 3779 1310 3864 Quae
1328 3802 1398 3842 cum

404 3879 539 3935 initium.
554 3871 565 3957 ]
581 3871 705 3937 Diceret
719 3873 804 3956 quis,
824 3874 894 3956 quis
909 3877 996 3938 nobis
1010 3878 1203 3942 annuntiavit
1215 3879 1297 3943 illam
1314 3879 1397 3943 salu·

401 3971 483 4034 ternl
504 3973 683 4055 Respondet
695 3971 802 4056 :Once
818 3994 888 4034 cum
904 3981 1046 4053 initium,
1070 3989 1129 4039 etc.
1158 4013 1199 4026 -
1222 3978 1371 4064 Angelis.
1386 3977 1399 4063 ]

402 4070 514 4135 Adhuc
529 4071 665 4154 persistit
683 4072 713 4134 in
725 4072 849 4147 eodem,
864 4073 969 4136 volens
987 4076 1118 4157 probare
1132 4075 1318 4142 differentius
1335 4099 1399 4161 prae

402 4170 531 4253 Angelis
559 4170 715 4234 Christum
745 4171 857 4235 habere
884 4193 1005 4236 nomen.
1029 4210 1073 4222 —
1101 4174 1253 4262 Orbem.]
1282 4179 1398 4242 Orbem

402 4275 491 4332 terrae
510 4267 559 4333 hic
572 4269 715 4354 intelligit
728 4269 960 4336 universitatem
976 4274 1074 4336 omnis
1089 4283 1234 4340 creaturae
1249 4276 1281 4338 in
1295 4274 1398 4340 tuturo
