3184 5442
392 735 457 797 162
768 750 797 790 o.
827 749 1001 791 inuruancr

390 891 491 956 onmia
512 890 634 953 scientis
652 910 688 953 ao
704 888 891 977 praescientis
905 888 1166 952 Dei‘aetemaliter
1182 896 1317 967 constat,
1335 893 1390 975 qui

390 999 423 1056 et
439 1012 488 1054 res
503 991 587 1073 ipsas
598 990 628 1052 in
641 989 866 1072 principalibus,
879 1009 915 1053 ao
929 988 1069 1051 secundis
1084 989 1224 1053 essentiis
1238 990 1386 1066 condidit,

390 1111 503 1174 easque
520 1098 584 1152 tam
597 1109 750 1164 verarum,
766 1110 858 1172 quam
869 1086 1014 1152 falsarmn
1029 1087 1269 1170 propositionum
1279 1111 1390 1154 causas

390 1212 457 1254 esse
469 1189 629 1273 disposuit.
642 1189 864 1253 Verumtamen
879 1188 911 1250 in
924 1208 1014 1270 opere
1027 1189 1066 1250 de
1077 1188 1213 1253 doctrina
1223 1188 1390 1256 christiana

388 1311 444 1354 neo
458 1290 548 1376 hujus
560 1288 785 1373 propositionis,
799 1310 856 1351 neo
866 1288 995 1374 alicujus
1010 1289 1076 1374 ejus
1087 1288 1194 1352 similis
1202 1291 1312 1354 beatus
1322 1291 1390 1355 Au-

388 1391 528 1476 gustinus
543 1390 645 1471 aliquo
655 1389 686 1451 in
699 1389 766 1452 loco
778 1388 965 1452 mentionem
981 1387 1070 1464 fecit,
1086 1390 1169 1472 quod
1182 1388 1271 1452 facile
1286 1391 1389 1473 quivis

388 1492 465 1554 seire
486 1489 615 1574 poterit,
639 1487 665 1551 si
688 1498 774 1552 curet
794 1488 897 1572 ipsum
917 1489 1027 1552 librum
1046 1489 1165 1574 legere,
1182 1488 1209 1551 si
1230 1510 1389 1573 nunquam

389 1590 474 1675 legit,
489 1590 539 1653 vel
551 1591 697 1669 relegere,
711 1588 738 1651 si
751 1586 881 1652 fortasse
888 1590 955 1674 jam
965 1588 1051 1673 legit.
1066 1589 1102 1652 In
1111 1608 1216 1671 quare
1226 1589 1389 1654 vehemen-

389 1699 438 1754 ter
448 1690 552 1765 miror,
566 1689 631 1752 sive
644 1709 792 1768 errorem,
805 1690 870 1752 sive
879 1688 1041 1752 stultitiam
1054 1697 1151 1753 tuam.
1162 1689 1306 1752 Errorem
1317 1690 1388 1774 qui-

389 1792 476 1866 dem,
495 1789 520 1852 si
539 1789 660 1871 prolata
678 1787 854 1852 testimonia
871 1788 903 1849 in
924 1787 1019 1851 sacris
1038 1787 1207 1866 codicibus,
1227 1798 1281 1853 aut
1299 1789 1389 1854 aliter

389 1910 472 1965 esse,
487 1896 540 1952 aut
555 1887 677 1971 penitus
691 1909 752 1949 non
772 1907 838 1950 esse
859 1886 992 1969 ignoras
1017 1887 1188 1951 Stultitiam
1205 1908 1278 1950 vero
1299 1889 1326 1952 si
1343 1889 1390 1954 ita

387 1996 513 2053 oaeteros
529 1989 674 2052 vecordes
690 1987 861 2060 existimas,
876 1993 911 2050 ut
925 1986 1015 2049 dictis
1030 1987 1091 2051 tuis
1105 1994 1211 2074 contra
1226 1987 1388 2071 antiquam

387 2089 532 2152 Ecclesiae
552 2089 643 2150 fidem
660 2087 798 2168 protinus
817 2087 943 2149 credant
955 2137 961 2160 ‚
973 2088 1079 2170 ‘eaque
1094 2087 1179 2150 velut
1193 2096 1388 2153 sacrosancta

387 2188 556 2252 indiscussa
569 2195 765 2271 praetereant.

434 2579 467 2641 8.
492 2579 636 2645 Brennus.
660 2610 672 2631 u
691 2566 750 2642 Est
767 2586 871 2642 autem
891 2579 1054 2644 affirmatio
1071 2581 1240 2645 notissimis
1250 2582 1390 2664 partibus

390 2678 453 2742 suis
476 2684 637 2753 onustam,
655 2677 841 2761 praedicato,
859 2687 892 2743 et
912 2681 1064 2765 subjecto,
1080 2701 1147 2763 quae
1167 2679 1212 2744 ita
1231 2679 1384 2757 enuntiat;

391 2778 497 2861 panis,
511 2785 544 2840 et
559 2777 681 2853 vinum,
696 2798 763 2861 quae
778 2777 809 2840 in
823 2780 912 2842 altari
923 2787 1094 2861 ponuntur,
1112 2787 1184 2847 sunt
1197 2781 1387 2845 solummodo

391 2868 597 2943 sacramentass
605 2877 813 2941 Nihilominus
823 2899 891 2961 quae
900 2878 945 2941 ita
955 2878 1107 2953 enuntiat;
1118 2879 1217 2962 panis,
1230 2881 1382 2957 etvinum,

391 3001 459 3063 quae
478 2987 630 3062 ponuntur
650 2978 682 3042 in
700 2978 804 3054 altari,
827 2986 898 3060 post
918 2979 1173 3044 consecrationem
1196 2981 1386 3052 solummodo

391 3087 463 3144 sunt
473 3101 579 3144 verum
589 3078 704 3143 Christi
715 3099 826 3162 corpus
839 3087 871 3142 et
882 3080 1017 3164 sanguis,
1038 3111 1051 3134 n

434 3181 558 3244 Laura.
583 3180 702 3242 Eadem
724 3185 756 3242 te
780 3185 918 3260 repetere
941 3177 1064 3241 minime
1085 3179 1199 3262 pudet,
1223 3189 1386 3264 propterea

392 3299 460 3362 quae
474 3280 564 3362 paulo
580 3288 652 3342 ante
667 3277 755 3362 posui
767 3299 817 3340 me
832 3277 926 3342 etiam
940 3277 1086 3361 replicare
1103 3285 1233 3363 oportet.
1247 3280 1385 3345 Priorem

329 3395 332 3399 ·
392 3379 574 3442 sententiam
591 3378 802 3442 tantummodo
819 3398 887 3441 esse
902 3385 1002 3453 tuam,
1017 3379 1215 3460 posteriorem
1229 3400 1303 3444 vero
1317 3383 1384 3444 nul-

391 3476 449 3540 lius
460 3477 616 3539 hominum
631 3476 770 3559 superius
781 3496 849 3539 esse
861 3477 937 3554 dixi,
951 3485 983 3541 et
993 3478 1038 3541 ita
1047 3499 1114 3541 esse
1126 3479 1316 3544 documentis
1326 3483 1387 3546 cla-

390 3575 519 3639 rioribus
530 3576 709 3659 approbavi.
723 3577 808 3640 Nam
819 3583 852 3640 et
860 3584 895 3641 tu
906 3599 1027 3642 carnem
1039 3599 1076 3642 ao
1085 3579 1264 3664 sanguinem
1274 3570 1381 3664 negas,

391 3674 422 3737 in
440 3675 504 3738 solo
522 3682 713 3739 sacramento
731 3695 796 3738 rem
814 3682 911 3741 totam
932 3678 1141 3752 constituens;
1161 3685 1193 3743 et
1209 3699 1268 3742 nos
1280 3699 1384 3746 sacra-

390 3781 526 3838 mentum
545 3774 694 3849 fatemur,
709 3782 740 3838 et
761 3781 865 3838 tamen
884 3779 1043 3861 utriusque
1057 3779 1219 3843 veritatem
1233 3779 1380 3856 fideliter,

390 3896 426 3940 ao
444 3875 592 3940 veraciter
610 3876 800 3940 eonfitemur.
821 3876 913 3952 Quod
927 3899 1002 3957 vero
1018 3879 1177 3943 dialectica
1189 3880 1284 3943 verba
1297 3879 1382 3944 affir-

389 3976 565 4053 mationem,
579 3974 788 4060 praedioatum,
803 3976 984 4061 subjeetum,
1002 3981 1171 4061 caeteraque
1182 3979 1214 4042 in
1224 3979 1305 4044 huno
1315 4001 1384 4045 mo-

389 4074 461 4137 dum
475 4075 618 4139 tractatui
629 4081 722 4139 tantae
734 4073 779 4137 rei
787 4075 908 4139 laboras
917 4076 1049 4140 inserere
1064 4129 1071 4151 ‚
1083 4085 1208 4162 propter
1217 4077 1292 4141 nihil
1301 4079 1385 4143 aliud

389 4173 501 4238 videris
511 4172 542 4237 id
553 4173 663 4251 facere,
675 4175 733 4239 nisi
743 4182 778 4238 ut
787 4176 843 4241 hao
855 4181 1011 4242 omasione
1020 4178 1154 4262 peritum
1163 4186 1195 4243 te
1207 4178 1381 4263 disputandi

388 4274 536 4358 imperitis
546 4276 648 4341 valeas
657 4276 792 4341 suadere.
804 4277 887 4342 Nam
898 4286 929 4343 et
939 4286 972 4343 tu
982 4279 1046 4343 sine
1057 4279 1109 4345 his
1119 4279 1291 4344 nominibus
1301 4281 1383 4364 quod
