3184 5442
296 735 339 798 28
679 758 707 797 u.
732 756 907 799 Lnnrnancr

294 894 358 967 lat;
377 894 457 975 quod
487 893 543 955 sibi
571 894 692 979 adjacet
717 915 756 957 ex
781 895 937 959 vicinitate
962 896 1069 959 camis.
1094 932 1140 944 »-
1169 896 1288 959 Conde-

296 990 427 1076 lector.]
455 991 517 1055 Hic
540 998 645 1074 aperte
666 993 791 1075 exponit
812 1045 819 1069 ,
843 1015 911 1078 quoe
935 995 1072 1077 superius
1098 995 1200 1060 multis
1226 1018 1288 1059 mo-

295 1091 342 1153 dis
370 1091 497 1153 obscure
521 1091 627 1164 dixit;
656 1099 688 1156 et
714 1092 849 1156 maxime
874 1094 1059 1177 superiorem
1085 1117 1217 1159 versum.
1246 1131 1285 1143 —

294 1187 402 1250 Aliam
416 1187 525 1274 legem.
539 1189 666 1275 ]Aliam
680 1191 779 1276 legem
791 1191 840 1256 hic
849 1200 959 1269 vocat,
974 1194 1170 1258 hortamenta
1180 1216 1288 1259 concu-

295 1287 469 1370 piscentiae;
488 1310 556 1373 quae
584 1290 671 1373 quasi
692 1290 824 1374 imperat
843 1292 956 1355 homini
979 1313 1116 1376 peccare.
1146 1329 1185 1348 --
1211 1295 1290 1377 Legi

295 1395 409 1451 nantis
427 1389 643 1475 meoe.]Mens
653 1391 740 1477 jubet
758 1412 778 1454 a
794 1391 884 1456 malis
907 1392 1078 1469 discedere,
1095 1401 1127 1457 et
1142 1395 1223 1456 bona
1240 1392 1288 1455 la-

297 1506 385 1561 cere;
400 1495 432 1552 et
446 1489 509 1554 haeo
521 1495 568 1554 est
583 1491 633 1553 lex
648 1492 722 1576 ejus.

708 1792 776 1833 GAP.
803 1792 871 1834 vul.

339 1979 408 2042 Lea
425 1988 508 2043 enim
533 1981 701 2068 spiritua]
715 1982 820 2047 Causa
838 2002 891 2045 cur
910 2001 971 2043 non
987 1980 1150 2043 secundum
1167 1997 1288 2041 carnem

295 2081 465 2146 ambulant.
480 2081 631 2144 Memoria
640 2080 720 2144 enim
734 2080 815 2164 legis
832 2079 892 2143 Dei
912 2099 980 2161 quae
994 2085 1041 2141 est
1055 2077 1179 2160 spiritus
1194 2076 1287 2151 vitre,

294 2198 349 2259 per
360 2179 491 2260 gratiam
504 2181 525 2242 J
527 2199 581 2242 esu
594 2179 708 2243 Christi
721 2229 728 2253 ‚
745 2184 777 2241 et
785 2198 841 2261 per
852 2168 1030 2240 memoriam
1047 2177 1112 2262 ejus
1125 2226 1132 2251 ‚
1149 2173 1290 2237 liberabit

295 2297 348 2339 eos
362 2276 461 2362 alege
479 2277 597 2359 peccati
612 2284 644 2341 et
662 2277 780 2341 mortis
798 2277 835 2340 Id
849 2282 917 2350 est,
933 2296 971 2338 ne
986 2274 1151 2339 secundum
1167 2294 1289 2337 carnem

294 2375 460 2439 ambulent.
487 2412 530 2424 —
553 2376 638 2439 Nom
658 2376 744 2464 quod
759 2375 936 2463 impossidil
955 2375 985 2461 ]
1000 2375 1092 2439 Ratio
1108 2394 1161 2438 cur
1177 2371 1290 2437 dixerit

294 2471 325 2533 in
343 2471 465 2537 Christo
487 2474 573 2539 Jesu.
599 2477 695 2554 Quasi
719 2475 852 2541 diceret:
864 2473 1055 2558 Impossibile
1070 2479 1137 2536 erat
1155 2471 1215 2555 legi
1234 2491 1290 2554 per

294 2571 431 2634 carnales
445 2573 672 2637 observationes
686 2574 846 2639 liberarea
860 2573 1005 2638 suasione-
1015 2572 1132 2656 peccati
1154 2577 1186 2634 et
1206 2591 1288 2632 mor-

294 2669 351 2742 tis;
370 2670 427 2733 sed
438 2671 521 2736 misit
540 2673 626 2741 Deus
639 2673 734 2738 filium
751 2695 839 2737 suum
858 2673 889 2736 in
909 2672 1135 2736 similitudinem
1151 2671 1288 2734 humanae

294 2768 410 2845 carnis,
427 2791 496 2853 quae
507 2771 626 2854 peccati
647 2773 897 2856 concupiscentiis
916 2792 997 2855 saepe
1010 2779 1151 2846 vexatur,
1173 2777 1209 2833 ut
1223 2790 1287 2831 me-

294 2868 391 2931 moria
399 2869 615 2936 incarnationis
626 2873 709 2958 ejus,
727 2873 885 2936 suasiones
897 2871 1015 2956 peccati
1026 2870 1186 2934 afidelium
1198 2889 1289 2932 carne

294 2968 464 3050 repelleret.
492 3005 532 3018 -
556 2972 606 3033 De
614 2984 746 3056 peccato
758 2970 932 3034 damnavit.
944 2969 955 3055 ]
965 2970 1129 3034 Peccatum
1141 2968 1190 3032 hic
1199 2975 1290 3030 vocat

294 3089 404 3154 corpus
427 3070 560 3145 Christi,
575 3073 658 3154 quod
680 3070 738 3136 fuit
761 3072 863 3136 hostia
879 3092 935 3154 pro
954 3076 1099 3153 peccato,
1117 3068 1195 3133 sicut
1214 3067 1290 3129 alias

295 3191 365 3234 eum
377 3172 429 3254 qui
444 3160 504 3235 non
518 3179 647 3237 noverat
658 3181 818 3257 peccatum
833 3225 839 3249 ‚
856 3180 1015 3256 peccatum
1030 3191 1087 3253 pro
1107 3168 1193 3232 nobis
1207 3166 1289 3230 fecit.

298 3305 338 3317 -
365 3261 562 3356 Quicumque
579 3280 672 3335 enim.
684 3272 695 3358 ]
709 3272 855 3336 Probatio
871 3271 943 3355 quia
963 3269 1045 3333 facta
1064 3268 1164 3332 carnis
1183 3268 1289 3331 morti-

250 3410 256 3418 ·
295 3368 421 3429 ficantes
437 3368 553 3430 vivant.
573 3370 643 3431 Filii
658 3371 739 3432 enim
754 3371 813 3432 Dei
824 3379 895 3432 sunt
908 3419 915 3444 ,
930 3389 1007 3451 quos
1017 3367 1121 3429 vivere
1138 3366 1221 3429 ha'ud
1231 3367 1288 3428 du-

297 3464 379 3528 bium
394 3471 452 3528 est.
480 3500 520 3512 -
543 3465 618 3529 Non
630 3475 713 3528 enim
734 3465 934 3552 accepistis]
949 3466 1064 3529 Probat
1082 3466 1198 3548 eosqui
1217 3467 1290 3547 Spi-

295 3563 357 3628 ritu
377 3563 597 3647 Deiaguntur,
612 3586 679 3629 esse
694 3564 783 3628 lilios
801 3567 872 3629 Non
887 3564 989 3637 enim,
1007 3562 1106 3644 inquit
1114 3557 1124 3637 ‚'
1140 3561 1287 3644 spiritus,

295 3684 386 3746 quern
403 3662 581 3746 accepistis,
598 3686 704 3729 servos
715 3686 770 3728 vos
784 3664 867 3728 fecit.
884 3664 1000 3728 Omnes
1015 3682 1148 3744 namque
1159 3660 1290 3728 cultores

294 3762 374 3838 Dei,
394 3761 425 3825 in
437 3783 627 3849 quocumque
646 3776 784 3849 tempore
800 3777 853 3829 aut
868 3763 949 3827 servi
963 3761 1105 3838 filerunt,
1123 3767 1158 3825 ut
1168 3762 1285 3840 Judaei,

294 3869 347 3926 aut
363 3862 416 3925 filii
430 3914 436 3938 ,
450 3870 486 3927 ut
506 3863 684 3931 Christiani.
701 3856 792 3931 Unde
811 3864 841 3927 in
853 3862 1023 3948 Evangelio
1033 3861 1184 3927 Dominus
1197 3862 1285 3926 dicit:

292 3961 365 4024 Jam
389 3985 453 4024 non
475 3962 581 4027 dicam
596 3988 801 4045 vosservos,
821 3963 880 4026 sed
892 3971 1035 4043 amicos,
1052 3968 1112 4027 eto.
1140 3998 1180 4010 -
1203 3961 1288 4024 Nam

297 4069 488 4148 expectatio.
499 4061 510 4148 ]
521 4063 636 4129 Probat
647 4064 773 4150 gloriam
789 4063 918 4127 filiorum
932 4062 1126 4127 revelandam
1139 4062 1178 4124 ab
1187 4067 1289 4126 aucto

300 4161 389 4235 ritate
408 4161 502 4226 totius
523 4163 687 4242 Ecclesiae,
709 4186 801 4248 quam
824 4171 995 4230 creaturam
1013 4163 1062 4227 hic
1080 4168 1190 4237 vocat,
1211 4161 1289 4225 sicut

299 4261 374 4325 alias
388 4284 393 4324 :
409 4260 524 4348 Siqua
549 4286 630 4328 novo
646 4279 791 4328 creatura
807 4273 839 4326 in
855 4262 988 4327 Christo.
1005 4266 1047 4328 Et
1058 4263 1169 4327 Jacob:
1191 4258 1230 4326 Ut
1241 4267 1287 4321 si-
