3184 5442
530 704 648 746 caussis
674 703 707 746 nr
730 704 779 746 nr.
806 703 849 746 no
871 705 1019 749 coarnrn.
1247 688 1288 751 rl

295 843 396 918 vobis,
419 862 475 906 nec
495 863 564 926 quae
585 844 620 905 fit
638 842 764 919 litteris,
784 844 858 928 quia
877 865 931 928 per
947 846 1117 929 Epistulam
1149 848 1183 932 (a
1195 848 1289 932 pari).

296 945 380 1008 Nam
405 963 463 1006 nec
492 963 548 1026 per
566 942 737 1025 Epistolam
762 945 882 1008 advos
906 946 944 1008 ab
973 946 1041 1010 aliis
1066 948 1203 1012 missam.
1232 949 1294 1013 Per

294 1042 470 1126 Epistulam
496 1043 637 1106 nolumus
657 1044 880 1119 commendari,
896 1046 968 1128 quia
990 1068 1045 1110 vos
1058 1048 1132 1112 estis
1153 1049 1294 1132 Epistola

293 1150 418 1217 nostra,
452 1163 520 1225 quae
548 1164 605 1206 nos
630 1144 843 1220 commendat,
873 1145 985 1222 idest,
1011 1148 1086 1210 fides
1108 1155 1221 1212 vestra.
1248 1187 1293 1198 —

295 1242 446 1329 Epistola
467 1256 587 1306 nostro.
604 1242 779 1329 lEpistola,
803 1245 913 1329 inquit,
942 1254 1047 1310 nostra
1072 1269 1127 1312 vos
1155 1249 1246 1323 estis;
1261 1250 1292 1312 id

294 1351 359 1418 est,
377 1344 575 1408 fidesnostra
591 1365 728 1427 peream
748 1346 899 1422 laudatur,
918 1367 954 1409 eo
975 1347 1058 1430 quod
1079 1347 1293 1430 praedicatione

293 1451 400 1508 nostra
421 1464 478 1507 vos
501 1444 541 1507 ad
559 1444 651 1506 fidem
676 1445 890 1509 convertimus.
917 1447 1023 1508 -In
1053 1447 1200 1510 cordibus
1222 1471 1293 1511 nos-

295 1552 367 1606 tris.
382 1542 394 1629 ]
409 1543 477 1607 Vos
500 1551 533 1606 et
557 1543 648 1606 fidem
674 1551 808 1607 vestram
836 1546 978 1609 oblivioni
1003 1568 1064 1622 nou
1088 1547 1289 1622 tradidimus;

294 1643 350 1707 sed
376 1643 410 1705 in
435 1642 582 1706 memoria
604 1650 709 1707 nostra
734 1664 855 1726 semper
881 1646 965 1709 estis.
991 1682 1036 1693 —
1058 1647 1181 1709 Littera
1205 1658 1292 1711 occi·

294 1742 356 1805 du.
374 1741 570 1830 ]Dupliciter
595 1749 698 1825 potest
719 1743 776 1807 hoc
794 1743 922 1828 intelligi
935 1769 942 1807 ε
957 1747 1006 1809 vel
1032 1747 1105 1829 quia
1118 1741 1183 1810 sirie
1204 1748 1293 1811 mise·

294 1842 427 1906 ricordia
455 1850 618 1925 peccantes
646 1841 741 1906 occidi
759 1844 848 1929 jubet
880 1845 983 1908 dicens
996 1868 1002 1906 :
1017 1847 1043 1908 si
1071 1845 1139 1928 quis
1164 1845 1221 1909 hoc
1243 1846 1292 1909 vel

295 1942 371 2006 illud
400 1941 522 2017 fecerit,
540 1949 639 2006 morte
663 1942 824 2007 moriatur.
843 1942 902 2008 Vel
927 1944 1089 2007 carnaliter
1117 1946 1289 2020 observata,

295 2043 431 2106 animam
448 2042 640 2108 observantis
659 2042 810 2106 occidunt.
838 2059 879 2090 -’
903 2041 1043 2128 Spiritus
1058 2055 1163 2106 antem
1183 2043 1294 2130 vivifi-

295 2154 360 2206 cat.
376 2141 437 2229 ]Id
462 2150 521 2219 est,
550 2142 746 2227 spiritualiter
767 2143 922 2208 intellecta
944 2144 1135 2208 observantis
1158 2142 1292 2207 animam

230 2261 240 2277 ⁸
294 2242 441 2307 vivificat.
466 2279 511 2291 -
538 2240 633 2327 Quod
647 2251 678 2305 si
692 2250 898 2305 ministratio.
908 2242 919 2329 ]
929 2243 1162 2308 Commendatio
1178 2252 1210 2308 et
1225 2244 1292 2309 laus

294 2342 366 2407 novi
381 2343 571 2408 Testamenti
585 2366 592 2417 ;
606 2343 751 2429 dicitque,
766 2343 792 2406 si
806 2343 988 2437 ministratio
1011 2347 1123 2409 veteris
1138 2344 1215 2428 legis
1228 2344 1292 2408 for·

294 2449 380 2507 mata
392 2442 514 2519 litteris,
528 2443 559 2507 in
572 2443 684 2506 tabulis
695 2441 834 2527 lapideis,
853 2442 912 2508 fuit
926 2445 1030 2531 Moysi
1043 2445 1075 2508 in
1092 2452 1212 2509 tantam
1224 2447 1291 2531 glo-

294 2542 382 2620 riam,
400 2548 435 2607 ut
446 2543 499 2606 filii
509 2543 605 2606 Israel
619 2542 728 2607 faciem
745 2544 810 2628 ejus
821 2543 926 2608 videre
940 2565 1001 2607 uon
1016 2552 1151 2628 possent,
1166 2554 1294 2628 propter

294 2643 465 2708 claritatem
486 2643 589 2707 vultus
612 2644 693 2730 ejus,
714 2664 783 2726 quae
804 2651 907 2708 tamen
924 2645 1102 2709 transitoria
1122 2643 1197 2718 filia
1216 2666 1291 2728 quo-

296 2743 387 2807 modo
400 2764 462 2806 non
476 2743 575 2828 magis
597 2742 781 2808 ministratio
803 2764 891 2807 novae
905 2743 993 2829 legis,
1013 2745 1073 2808 erit
1086 2745 1247 2827 Apostolis
1260 2746 1291 2806 in
1386 2800 1388 2802 ,

297 2843 426 2928 gloriam
441 2843 669 2926 sempiternam.
684 2843 783 2907 Vetus
792 2849 897 2907 autem
908 2843 971 2919 lex,
989 2843 1171 2908 ministratio
1185 2843 1292 2907 mortis

298 2941 426 3016 dicitur;
450 2943 500 3005 vel
524 2943 596 3026 quia
613 2942 677 3006 sine
698 2942 904 3007 misericordia
926 2950 1102 3026 peccatores
1124 2942 1289 3024 puniebat;

297 3041 346 3103 vel
369 3042 442 3124 quia
466 3051 538 3125 post
563 3044 729 3107 adventum
751 3043 878 3117 Christi,
894 3045 934 3105 ad
962 3042 1097 3106 litteram
1119 3042 1291 3113 observata,

298 3140 408 3204 animae
424 3149 554 3206 mortem
574 3142 737 3206 ministrat.
756 3144 882 3207 Novum
899 3161 972 3203 vero
989 3140 1221 3203 Testamentum
1235 3138 1295 3201 rni-

297 3227 439 3306 nistratio
453 3243 578 3326 spiritus
590 3243 714 3317 dicitur,
729 3244 779 3306 vel
791 3241 865 3326 quia
878 3240 1043 3324 peripsum
1059 3238 1192 3323 Spiritus
1204 3260 1294 3303 sanc-

300 3347 351 3404 tus
363 3343 537 3406 observanti
553 3343 642 3405 datur
657 3366 664 3415 ;
679 3342 728 3404 vel
745 3340 819 3425 quia
829 3341 861 3404 in
875 3361 911 3403 eo
929 3347 1019 3403 vetus
1033 3339 1084 3402 lex
1097 3338 1296 3422 spiritualiter

299 3436 479 3522 intelligitur
503 3445 535 3501 et
550 3446 699 3502 servatur.
723 3475 768 3486 -
790 3437 876 3500 Nam
899 3459 956 3499 nec
973 3436 1189 3523 glorificatum
1208 3435 1296 3522 est]

300 3536 396 3602 Ordo.
417 3538 507 3616 Quod
526 3538 650 3611 claruit,
676 3559 733 3600 nec
755 3536 958 3621 glorificatum
981 3544 1029 3601 est
1052 3536 1084 3598 in
1108 3536 1166 3599 hac
1193 3544 1291 3619 parte,

300 3645 425 3720 propter
441 3637 640 3701 excellentem
656 3637 793 3720 gloriam.
812 3637 948 3720 Exponit
964 3636 1092 3721 gloriam
1113 3636 1293 3719 praedicato-

301 3758 366 3802 rum
383 3738 456 3802 novi
466 3738 666 3802 Testamenti.
682 3737 768 3801 Dicit
781 3737 861 3800 enim
875 3738 957 3820 quod
977 3734 1071 3801 facies
1089 3735 1210 3821 Moysi,
1228 3757 1295 3818 quae

299 3837 331 3900 in
345 3836 423 3922 legis
444 3837 557 3900 veteris
570 3838 683 3901 latione
697 3837 818 3911 claruit,
834 3859 895 3900 non
917 3844 1020 3920 potest
1034 3835 1093 3899 dici
1113 3835 1291 3921 glorificata,

302 3936 333 3999 in
351 3936 593 4000 consideratione
610 3936 699 4000 istius
724 3937 833 4019 partis,
852 3937 959 4011 idest,
978 3936 1003 3998 si
1024 3936 1064 3999 ad
1077 3935 1296 4019 Apostolorum

300 4035 428 4120 gloriam
442 4034 606 4107 reseratum
622 4043 747 4118 propter
767 4036 968 4099 excellentem
979 4036 1118 4120 gloriam,
1133 4055 1225 4117 quam
1239 4034 1296 4097 ha·

301 4137 385 4207 bant,
408 4143 440 4199 et
463 4135 597 4199 habituri
621 4144 704 4199 sunt.
730 4173 774 4183 —
803 4135 897 4221 Quod
919 4134 1126 4220 evacuatum]
1149 4135 1298 4199 Velamen

283 4235 415 4317 ‚veteris
426 4235 503 4321 legis
518 4234 654 4301 aufertur
664 4257 760 4311 nunc;
777 4236 850 4321 quia
863 4238 953 4301 modo
969 4236 1132 4320 exponitur
1154 4229 1298 4316 quicquid
