3184 5442
552 661 758 704 Enueronumnr
782 662 850 704 sive
875 660 1031 702 nrnnoous
1225 641 1291 703 239

293 805 414 890 pejores
426 823 519 886 quem
532 802 615 885 prius
631 801 742 867 luerint
756 801 849 865 fiuntl
869 801 993 884 quidam
1009 822 1082 864 vero
1097 802 1199 884 aliqua
1212 805 1292 868 bono

293 903 451 988 incipiunt,
471 909 581 986 postea
597 903 756 974 deserunt,
777 901 863 965 etad
884 901 1077 984 iniquitatem
1089 903 1232 967 redeuntl
1250 941 1290 952 —

293 1005 339 1068 M.
368 1005 417 1068 De
441 1003 489 1068 his
510 1002 583 1067 dicit
604 1003 680 1066 Job:
699 1032 711 1054 u
727 1001 926 1070 Simulatores
950 1008 981 1064 et
1003 1002 1103 1065 callidi
1125 1014 1292 1086 provocant

293 1105 370 1168 iram
382 1103 455 1168 Dei.
468 1135 480 1157 n
497 1103 587 1186 Saepe
598 1122 705 1166 servus
716 1109 870 1166 errantem
881 1102 975 1165 filium
988 1103 1028 1165 ad
1038 1108 1157 1185 patrem
1171 1112 1291 1187 pertra-

294 1205 357 1278 hit,
373 1211 405 1267 et
421 1203 488 1288 ipse
504 1203 545 1266 ad
566 1223 643 1286 opus
659 1224 746 1265 suum
762 1201 876 1266 recedit
899 1223 908 1264 ι
933 1203 978 1265 ito
998 1209 1031 1265 et
1048 1202 1101 1266 isti
1121 1204 1233 1268 electos
1253 1208 1292 1269 ad

294 1307 394 1370 Deum
406 1304 596 1387 pertrahunt,
616 1310 647 1366 et
659 1303 718 1386 ipsi
725 1304 767 1366 od
777 1303 859 1366 male
869 1303 971 1365 studia
982 1304 1111 1368 redeunt
1123 1329 1130 1368 z
1141 1305 1188 1369 'sio
1200 1307 1292 1371 etiam

295 1405 386 1468 timor
403 1404 583 1468 charitatem
602 1402 642 1466 ad
662 1423 789 1487 regnum
809 1402 905 1476 ducit,
927 1409 959 1465 et
971 1402 1037 1484 ipse
1055 1425 1113 1466 non
1135 1405 1287 1478 introibit;

294 1503 373 1568 siout
394 1503 474 1566 enim
490 1501 628 1565 diabolus
646 1501 740 1565 servit
759 1502 839 1574 De0,
860 1501 904 1565 ita
925 1504 1061 1566 membra
1077 1505 1143 1589 ejus
1157 1506 1293 1570 serviunt

295 1604 400 1668 electis
414 1602 507 1667 etiarn
524 1602 578 1666 tali
595 1601 697 1664 modo.

340 1917 371 1979 4.
399 1913 562 1999 Quomodo
574 1911 718 1979 diabolus
729 1912 796 1977 Deo
808 1920 938 1992 serviat,
951 1927 981 1977 et
990 1915 1067 1978 moli
1078 1914 1178 1979 bonis.

338 2017 381 2080 D.
408 2015 569 2094 Quomodo
583 2014 721 2077 diabolus
733 2014 830 2077 servit
839 2014 924 2078 Deol
938 2051 982 2063 -
991 2016 1037 2078 M.
1052 2015 1133 2093 Quia
1143 2017 1291 2101 gloriosus

295 2117 438 2200 princeps
453 2115 595 2198 despexit
609 2135 675 2179 esse
690 2113 720 2176 in
736 2115 851 2197 palatio
860 2137 868 2189 ;
885 2112 957 2178 feeit
972 2137 1042 2179 eum
1059 2117 1144 2180 Deus
1158 2118 1287 2183 laborio-
1360 2107 1363 2113 ⁵

295 2239 363 2281 sum
374 2215 495 2281 fabrum
509 2217 541 2280 in
556 2217 612 2280 hoo
627 2217 752 2289 mundo,
767 2224 803 2280 ut
814 2223 937 2280 coactus
952 2216 1027 2280 totis
1039 2217 1154 2280 viribus
1166 2219 1289 2293 serviat,

295 2318 347 2401 qui
368 2337 479 2382 vacare
496 2318 564 2381 Deo
579 2315 706 2380 fruendo
723 2316 857 2390 nolebat,
871 2325 907 2381 ut
918 2316 1027 2381 dicitur
1043 2342 1049 2380 :
1068 2349 1080 2370 u
1098 2318 1224 2384 Faciam
1239 2320 1295 2382 tibi

296 2439 366 2482 eum
377 2438 500 2482 servum
512 2417 744 2501 sempiternum.
760 2448 773 2470 n
789 2415 884 2503 Cujus
893 2415 969 2481 fabri
978 2419 1126 2498 caminuS,
1135 2427 1182 2484 est
1194 2418 1292 2485 afflic-
1314 2483 1317 2488 .

295 2519 339 2583 tio
354 2525 387 2582 et
411 2511 584 2590 tribulatio;
607 2515 714 2592 follei,
733 2505 807 2581 sunt
820 2519 1005 2582 tentationes
1019 2527 1051 2582 et
1066 2521 1290 2603 suggestiones';

295 2618 396 2683 mallei
415 2626 448 2682 et
461 2616 602 2701 forcipes,
622 2625 695 2681 sunt
710 2626 842 2681 terrores
856 2624 888 2681 et
903 2626 1129 2701 persecutorem
1151 2619 1231 2684 limae
1244 2620 1294 2684 vel

295 2739 400 2794 serrae,
423 2725 494 2782 sunt
508 2719 619 2804 linguae
644 2718 890 2783 maledicentium
913 2729 946 2781 et
963 2717 1200 2783 detrahentium.
1226 2721 1293 2784 Tali

296 2819 415 2884 camino
433 2828 465 2884 et
479 2819 527 2883 his
542 2820 753 2884 instrumentis
767 2828 880 2904 purgat
890 2818 956 2902 ipse
968 2839 1062 2882 aurea
1074 2839 1150 2881 vasa
1163 2819 1295 2882 ooelestis

296 2919 377 3006 regis
390 2940 399 2982 t
414 2918 475 2983 hoo
489 2928 563 2984 sunt
581 2919 685 2992 electi,
707 2919 739 2982 in
757 2921 868 3002 quibus
886 2930 1016 2983 renovat
1035 2917 1200 3003 imaginem
1215 2920 1290 2990 Dei,

296 3020 440 3104 reprobos
460 3026 564 3084 autem
583 3019 634 3103 qui
655 3026 762 3084 contra
777 3041 881 3105 regem
903 3028 1008 3103 agunt,
1023 3019 1089 3102 ipse
1102 3026 1200 3083 torret
1215 3030 1246 3083 et
1259 3028 1294 3085 ut

296 3123 403 3186 hostes
412 3119 513 3204 punit.
530 3120 598 3183 Tali
612 3121 703 3185 modo
715 3120 811 3184 servit
824 3120 962 3184 diabolus
976 3120 1056 3183 Deo.

340 3220 383 3285 D.
399 3219 539 3298 Qualiter
550 3219 689 3285 serviunt
698 3222 836 3284 membra
847 3219 958 3284 diaboli
970 3218 1091 3283 electisl
1102 3255 1146 3266 —
1155 3218 1201 3281 M.
1215 3217 1292 3284 Cum

297 3341 350 3385 eos
364 3320 490 3385 trahunt
505 3321 545 3384 ad
559 3341 687 3405 regnum
701 3320 894 3384 simulatione
908 3321 958 3385 vel
977 3320 1137 3404 impellunt
1156 3320 1292 3383 adversi-

296 3429 374 3485 tate.
391 3420 594 3485 Simulatione
605 3421 729 3504 quidem
744 3441 797 3484 eos
812 3420 954 3493 trahunt,
976 3441 1044 3484 cum
1060 3422 1142 3483 bono
1161 3420 1295 3484 exterius

297 3521 453 3595 simulant,
471 3541 539 3604 quae
552 3520 679 3584 interius
693 3542 753 3583 non
768 3529 883 3585 amant.
903 3522 989 3585 Tunc
1006 3521 1059 3584 filii
1072 3520 1134 3585 Dei
1151 3520 1250 3584 edhuo
1263 3521 1293 3583 in

298 3642 401 3686 errore
415 3621 519 3704 positi,
535 3641 591 3704 per
599 3642 704 3685 eorum
714 3623 856 3705 exempla
868 3673 875 3696 ,
888 3623 969 3685 bona
979 3622 1139 3706 arripiunt,
1152 3641 1221 3703 quae
1229 3631 1295 3685 toto

297 3722 389 3786 eorde
400 3720 550 3806 diligunt;
567 3729 600 3786 et
610 3743 680 3786 oum
695 3721 887 3786 simulatores
899 3721 950 3786 illa
965 3724 1046 3786 bone
1059 3724 1212 3796 deserunt,
1228 3742 1296 3804 quae

297 3842 358 3884 non
375 3829 574 3888 amaverunt:
595 3821 648 3884 isti
666 3821 780 3885 firmius
795 3822 828 3884 in
846 3831 947 3906 ooepto
963 3824 1042 3886 bono
1060 3821 1244 3906 persistunt:
1261 3829 1296 3885 ut

298 3921 370 3984 olim
390 3941 460 3984 oum
478 3920 551 3984 mali
569 3921 683 4006 Angeli
703 3921 888 3996 oeciderunt,
912 3921 983 3985 boni
1001 3922 1117 3985 firmius
1132 3929 1293 3985 steterunt.

298 4020 500 4086 Adversitate
512 4029 616 4086 autem
630 4043 683 4085 eos
694 4021 866 4105 impellunt,
881 4043 950 4085 oum
965 4022 1009 4085 eis
1024 4021 1214 4106 temporalia,
1229 4041 1298 4103 quae

299 4119 368 4202 plus
383 4119 466 4204 justo
481 4119 625 4205 diligunt,
650 4115 807 4194 auferunt,
829 4125 861 4182 et
881 4118 925 4182 eis
944 4140 983 4181 ne
1000 4119 1132 4183 carnalia
1148 4118 1297 4182 desideria

300 4219 425 4301 implere
435 4221 632 4304 prevaleant,
648 4218 811 4283 obsistunt.
823 4219 913 4281 Unde
923 4219 1060 4283 diabolus
1069 4228 1101 4283 et
1112 4218 1183 4282 mali
1192 4216 1293 4294 utiles
