3184 5442
459 718 579 760 crosso
601 718 635 759 m
656 719 706 760 mr.
731 718 773 760 no
795 717 941 760 ooamra.
1153 703 1195 764 51

204 880 344 947 quoerere
356 857 518 942 uxorem]
533 857 595 934 Qui
603 878 663 919 non
675 855 767 919 habet
780 875 920 931 uxorem,
936 877 997 918 non
1013 858 1104 922 debet
1114 880 1198 941 quae-

201 979 268 1021 rere
283 964 318 1020 ut
335 957 459 1020 habeat.
481 957 564 1020 Nam
585 957 637 1038 qui
660 955 773 1018 habent
792 960 952 1037 tamquam
970 976 1032 1018 non
1052 956 1199 1022 habentes

201 1078 269 1121 esse
285 1057 409 1121 debent.
428 1053 472 1138 (A
483 1054 585 1139 simili)
603 1053 664 1132 Qui
676 1051 753 1116 flent
764 1059 923 1137 tamquam
936 1075 998 1117 non
1010 1052 1120 1120 flentes
1131 1077 1199 1120 esse

201 1158 324 1221 debent.
337 1154 389 1219 Sic
401 1155 439 1217 de
450 1154 575 1236 reliquis
583 1160 688 1236 posset
695 1152 873 1216 concludere
886 1175 892 1214 :
905 1155 988 1238 Ergo
1001 1155 1073 1236 quia
1084 1154 1199 1219 habens

202 1257 295 1320 debet
308 1274 388 1329 esse,
408 1253 496 1336 quasi
509 1273 570 1314 non
584 1252 715 1324 habens;
733 1252 786 1334 qui
804 1272 865 1313 non
882 1251 975 1315 habet
991 1274 1125 1336 quaerere
1138 1276 1200 1318 non

203 1357 318 1419 debet:
342 1353 400 1417 hoc
420 1359 469 1416 est
487 1352 588 1416 dicere
607 1351 860 1435 aequipollenter:
880 1372 953 1437 ergo
972 1354 1042 1417 volo
1062 1376 1118 1418 vos
1133 1376 1200 1418 esse

203 1455 269 1517 aine
291 1473 404 1526 uxore;
429 1473 502 1516 nam
524 1453 594 1515 volo
613 1473 670 1515 vos
693 1473 760 1516 esse
781 1451 847 1516 sine
861 1452 1061 1518 sollicitudine
1085 1456 1196 1519 saeculi.

204 1554 296 1633 Quod
315 1555 443 1636 probat,
463 1553 491 1616 si
511 1551 580 1636 quis
598 1553 663 1616 sine
674 1573 770 1616 uxore
788 1559 837 1616 est
849 1551 979 1638 (cama),
1005 1554 1071 1617 sine
1090 1555 1199 1619 sollici-

204 1652 312 1718 tudine
327 1659 394 1717 est:
411 1659 484 1715 tunc
500 1672 570 1715 cum
583 1651 675 1714 velim
691 1673 748 1714 vos
762 1671 829 1714 esse
847 1650 912 1714 sine
927 1673 1041 1728 uxore,
1060 1653 1130 1717 volo
1145 1675 1202 1718 vos

206 1771 277 1815 esse
298 1750 363 1814 sine
380 1750 579 1819 sollicitudine
592 1750 713 1825 saeculi3
731 1751 786 1813 sed
807 1751 860 1832 qui
875 1757 922 1813 est
937 1750 1002 1813 sine
1019 1773 1130 1826 uxore,
1154 1761 1203 1816 est

206 1851 275 1914 sine
289 1850 502 1917 sollicitudine:
523 1859 643 1915 tantum
662 1850 744 1913 enim
764 1856 814 1912 est
833 1848 978 1912 sollicitus
993 1870 1061 1932 quae
1077 1851 1202 1914 Domini

206 1955 296 2024 simt5
317 1970 390 2013 nam
407 1957 456 2014 est
471 1950 617 2014 sollicitus
635 1949 787 2033 quomodo
809 1947 931 2030 placeat
951 1948 1029 2012 Deo.
1059 1955 1109 1997 -'
1123 1949 1205 2012 Reli·-

207 2071 301 2135 quom
315 2047 396 2134 esa]
409 2049 501 2127 Quia,
518 2049 628 2132 inquit,
646 2057 769 2132 tempus
779 2049 872 2111 breve
889 2055 947 2122 est,
965 2048 1159 2130 consequitur
1168 2059 1205 2112 ut

208 2147 356 2233 quidquid
370 2150 403 2211 in
418 2149 476 2213 hoe
489 2150 599 2212 saeculo
614 2149 679 2213 sive
692 2168 883 2232 prosperum,
901 2146 967 2211 sive
980 2147 1142 2212 adversum
1157 2147 1204 2212 vi-

207 2249 297 2312 detur
307 2268 386 2318 esse,
399 2267 455 2331 pro
467 2245 620 2331 parvitate
633 2247 779 2330 temporis
789 2247 893 2330 potius
902 2246 1042 2310 videatur
1050 2267 1112 2310 non
1123 2267 1202 2311 esse.

207 2382 253 2403 ι-
275 2347 424 2410 Praeterit
441 2354 526 2408 enim
543 2345 688 2432 figura]
715 2346 809 2410 Ratio
834 2367 889 2410 cur
917 2367 952 2409 ea
976 2367 1045 2428 quae
1068 2347 1206 2430 superius

208 2447 293 2511 dicta
307 2453 389 2520 eunt,
414 2445 502 2529 quasi
518 2445 674 2521 non‘sint‚
694 2445 899 2509 existimanda
916 2452 997 2509 sunt.
1011 2446 1111 2511 Omne
1124 2436 1206 2509 enim

209 2545 294 2630 quod
321 2545 474 2628 praeterit,
503 2546 720 2630 cujuscumque
746 2543 930 2628 prolixitatis
954 2545 1012 2619 sit,
1044 2544 1207 2610 aeternitati

210 2653 434 2729 comparatum,
450 2644 525 2708 nihil
537 2651 595 2707 est.
620 2679 666 2692 -
688 2643 762 2706 Non
772 2658 806 2706 ot
817 2643 994 2731 laqueum]
1009 2645 1045 2708 Id
1058 2652 1115 2709 est.
1134 2646 1207 2709 Non

211 2745 324 2810 adhoc
340 2765 450 2809 moneo
467 2743 642 2808 castitatem
660 2743 801 2836 diligere:
815 2753 852 2808 ut
862 2744 921 2808 hac
938 2745 1096 2809 occasione
1114 2745 1206 2809 velim

211 2865 283 2921 vos,
300 2850 427 2927 propter
442 2841 691 2907 incontinentiam
709 2844 740 2906 in
758 2844 885 2907 luxunae
904 2844 1046 2927 laqueum
1061 2845 1204 2909 incidere.
1307 2852 1312 2861 '

213 2978 255 2995 ·-
279 2942 318 3006 Si
329 2948 399 3029 quis
409 2952 525 3027 autem,
538 2940 619 3027 eta]
632 2942 713 3020 Quia
722 2942 860 3026 superius
870 2943 911 3006 ad
918 2943 1125 3028 virginitatem
1135 2964 1207 3008 sua-

212 3049 312 3119 terat,
329 3061 369 3107 nc
392 3040 461 3124 quis
478 3047 602 3123 putaret
620 3049 781 3124 peccatum
801 3041 886 3116 fore,
908 3041 935 3104 si
949 3041 1042 3105 filiam
1056 3041 1208 3105 continere

213 3140 368 3211 nolentem
382 3138 448 3202 viro
461 3140 614 3212 traderet;
638 3139 712 3204 dicit
734 3140 760 3202 si
779 3140 848 3223 ipsa
865 3138 1018 3203 continere
1038 3139 1131 3214 nolit,
1148 3159 1209 3202 non

212 3246 322 3325 peccet
333 3238 472 3320 sinubat.
487 3238 617 3303 Habens
631 3246 734 3302 autem
746 3239 839 3302 filiam
850 3259 943 3322 quam
953 3239 1106 3304 continere
1121 3239 1206 3314 velit,

213 3339 368 3424 cumipse
384 3337 497 3402 habeat
511 3345 697 3421 potestatem
717 3341 799 3423 quod
819 3360 857 3405 ea
878 3341 987 3416 nubat,
1012 3339 1062 3404 vel
1079 3359 1158 3418 non,
1183 3338 1210 3403 si

214 3446 305 3523 pater
323 3437 468 3510 voluerit;
494 3437 520 3501 si
545 3438 637 3501 filiam
661 3439 811 3524 virginem
836 3448 954 3517 servet,
979 3437 1141 3504 benefacit.
1168 3475 1209 3490 -

221 3538 356 3625 Turpmz
377 3559 413 3601 ee
434 3535 541 3599 videri
563 3539 761 3626 existimat]
786 3541 901 3618 idest,
927 3540 954 3605 si
976 3540 1045 3624 quis
1061 3539 1210 3624 virginem

217 3637 311 3702 habet
327 3636 480 3712 adultam,
506 3655 573 3720 quae
591 3637 765 3702 castitatem
787 3661 909 3705 servare
928 3640 1021 3713 nolit;
1044 3647 1077 3703 et
1090 3646 1212 3704 curator

217 3736 285 3821 ejus
304 3741 412 3818 putat,
435 3734 518 3816 quod
536 3731 692 3798 infamiam
711 3736 905 3820 turpitudinis
924 3737 1096 3801 incursurus
1111 3736 1165 3808 sit;
1185 3737 1211 3799 si

217 3834 392 3899 castitatem
401 3853 524 3897 servare
535 3834 669 3919 coegerit
676 3859 683 3911 ;
696 3857 757 3899 non
771 3844 878 3920 peccat
892 3836 942 3900 vel
954 3835 1031 3919 ipse,
1044 3835 1092 3900 vel
1104 3835 1208 3921 virgo;

217 3931 355 3998 sinubat
368 3933 465 4016 virgo.
