3184 5442
282 746 346 806 276
659 760 688 798 n.
716 756 890 798 innrnanci

325 908 357 965 6.
388 905 466 985 Quis
480 902 624 986 insinuens
626 903 784 984 stratorum
798 904 919 958 animus
933 911 1006 956 cerate
1022 895 1144 957 Christi
1158 896 1285 958 adven„

281 1017 343 1064 tum
362 1012 530 1086 arriperet.

323 1104 365 1164 D.
392 1103 426 1163 In
450 1124 510 1184 quo
531 1101 646 1164 inferno
668 1110 754 1162 erant
769 1100 843 1184 justi
866 1108 936 1161 ante
954 1099 1120 1160 adventum
1141 1097 1282 1159 Christi!

283 1240 322 1251 —
337 1205 382 1266 M.
409 1204 441 1264 ln
465 1203 628 1284 superiori,
652 1203 683 1263 in
707 1202 838 1284 quodam
862 1201 927 1262 loeo
949 1201 1054 1284 jonato
1075 1196 1235 1270 inferiori,
1252 1199 1282 1259 in

283 1324 342 1383 quo
363 1309 503 1383 poterant
517 1301 695 1364 alterutrum
712 1300 895 1382 conspicere.
915 1298 975 1375 Qui
994 1304 1081 1359 erant
1096 1297 1155 1370 ibi,
1174 1318 1284 1378 quam-

283 1403 330 1463 vis
342 1410 482 1462 carerent
493 1401 640 1483 supplicio
656 1401 837 1463 videbantur
849 1398 905 1460 sibi
922 1419 988 1460 esse
1005 1398 1236 1480 quodammodo
1252 1399 1282 1459 in

283 1501 414 1571 inferno,
428 1523 496 1564 oum
508 1509 609 1564 essent
624 1502 755 1583 separati
768 1522 787 1563 a
798 1521 902 1583 regno.
916 1499 978 1561 Illis
989 1506 1113 1576 autem,
1127 1498 1178 1579 qui
1192 1508 1283 1560 erant

282 1604 311 1663 in
323 1602 454 1664 inferiori
469 1602 584 1664 insarno
594 1654 599 1675 ‚
610 1604 769 1666 videbatur
785 1602 866 1684 quod
877 1600 919 1662 illi
934 1651 939 1673 ,
952 1600 1004 1682 qui
1019 1607 1104 1661 erant
1120 1599 1150 1659 in
1164 1599 1218 1660 illo
1232 1599 1282 1659 in·—

282 1703 366 1765 iemo
379 1704 484 1788 juncto
500 1702 646 1776 inferiori,
664 1709 750 1764 erant
764 1702 794 1763 in
815 1700 967 1784 refrigerio
986 1699 1118 1782 paradisi
1132 1722 1138 1770 ;
1151 1700 1236 1761 unde
1252 1709 1284 1761 et

283 1803 368 1864 dives
380 1804 506 1886 rogabat
518 1824 537 1864 a
552 1802 667 1865 Lazaro
683 1809 803 1886 guttam
815 1822 906 1882 super
920 1821 953 1881 se
968 1799 1085 1861 stillari.

326 1903 368 1964 D.
395 1903 494 1978 Quam
512 1922 631 1982 poenam
651 1901 804 1964 habebant
818 1900 877 1963 ibit
893 1936 931 1947 -
945 1900 988 1961 M.
1014 1899 1173 1976 Quasdam
1199 1908 1284 1960 tene-

284 2005 353 2064 bras
375 2010 510 2073 tantum,
533 2001 612 2062 unde
633 2009 664 2062 et
679 2000 802 2063 dieitur:
829 2031 841 2051 ιι
863 1999 1082 2062 Habitantibus
1104 1998 1136 2058 in
1157 1998 1284 2080 regione

285 2104 397 2164 umbrae
416 2102 523 2163 mortis
543 2101 595 2162 lux
617 2109 684 2163 orta
702 2109 749 2162 est
767 2100 820 2162 eis.
838 2132 849 2152 ιι
870 2101 1002 2177 Quidam
1021 2120 1059 2160 ex
1081 2099 1124 2161 eis
1146 2109 1235 2162 erant
1252 2099 1284 2160 in

286 2203 466 2285 quibusdam
482 2202 589 2283 poenis.
607 2202 701 2264 Venit
717 2222 788 2283 ergo
800 2201 951 2263 Dominus
964 2201 1003 2261 ad
1021 2197 1170 2261 infernum
1187 2219 1284 2281 supe·

288 2304 410 2372 norem,
424 2286 593 2374 nascendo,
607 2314 640 2364 ut
649 2301 791 2364 liberaret
807 2321 967 2384 oppressos
979 2321 998 2361 a
1008 2299 1142 2370 diabolo;
1158 2300 1286 2362 desnen-

286 2404 332 2464 dit
343 2403 381 2463 ad
394 2400 540 2462 infernum
554 2400 723 2462 inferiorem
737 2402 908 2472 moriendo,
924 2409 959 2462 ut
970 2399 1133 2461 redimeret
1144 2401 1287 2481 captivos

286 2525 305 2562 a
319 2511 464 2583 tyranno,
484 2507 519 2559 ut
540 2499 663 2560 dicitur:
691 2530 702 2549 ιι
721 2501 814 2562 Dices
830 2502 878 2563 his
891 2500 941 2583 qui
956 2499 1050 2561 vineti
1065 2507 1157 2572 sunt,
1179 2499 1281 2571 exite,

287 2608 318 2661 et
332 2599 379 2660 his
394 2598 445 2677 qui
460 2598 491 2658 in
505 2597 636 2660 tenebris
646 2608 726 2670 sunt,
745 2600 932 2662 revelamini.
952 2631 963 2652 ιι
984 2599 1112 2661 Vinctos
1122 2608 1216 2662 vooat
1232 2604 1284 2682 qui

288 2705 374 2760 erant
390 2698 419 2758 in
436 2697 535 2779 poenis
550 2720 557 2765 ;
575 2697 649 2759 alios
664 2719 737 2760 vero
756 2699 788 2760 in
803 2700 950 2761 tenebris}
971 2719 1047 2780 quos
1065 2719 1172 2761 omnes
1187 2703 1286 2763 absol-

289 2800 350 2873 vit,
367 2807 396 2860 et
409 2796 439 2858 in
456 2797 582 2881 gloriam
595 2798 681 2860 duxit
697 2820 750 2860 rex
767 2799 879 2881 gloriae.

335 3097 366 3155 7.
398 3091 560 3176 Quornodo
589 3091 672 3153 beati
700 3116 734 3152 se
759 3101 891 3153 invicem
919 3108 1135 3178 cognoscant,
1170 3110 1201 3158 et
1224 3121 1287 3181 pro

291 3194 380 3255 nobis
396 3193 602 3255 intercedant.

333 3296 373 3358 D.
397 3295 592 3379 Cognoscunt
606 3315 638 3356 se
653 3295 728 3379 justi
739 3303 771 3358 et
785 3294 856 3357 boni
872 3295 902 3355 in
917 3296 1030 3379 gloria?
1040 3333 1083 3343 —
1095 3298 1143 3360 M.
1162 3299 1290 3361 Animae

287 3397 437 3479 justorum
457 3416 562 3456 omnes
582 3395 681 3480 justos
704 3402 889 3479 cognoscunt
911 3405 942 3457 et
962 3397 1084 3458 nomine
1105 3406 1137 3460 et
1152 3419 1286 3482 genere,

291 3505 323 3557 et
345 3495 452 3557 merita
472 3494 622 3574 ipsorum,
641 3495 726 3576 quasi
746 3516 866 3577 semper
884 3515 953 3557 oum
970 3495 1014 3558 eis
1029 3494 1168 3558 fuissent.
1185 3498 1291 3560 Malos

292 3615 396 3657 omnes
411 3593 502 3655 etiam
522 3593 551 3653 in
569 3603 686 3656 tantum
706 3603 909 3680 cognoscunt;
927 3603 963 3658 ut
976 3604 1100 3679 propter
1116 3587 1200 3679 quod
1222 3619 1290 3660 me-

292 3693 383 3754 ritum
408 3692 613 3774 unusquisque
637 3694 678 3756 ibi
702 3698 743 3759 sit
768 3747 774 3771 ,
802 3697 910 3758 sciant.
940 3697 1015 3759 Mali
1038 3717 1160 3779 quoque
1191 3699 1291 3760 malos

292 3799 494 3873 cognoscunt,
520 3799 552 3853 et
575 3793 670 3855 bonos
695 3816 771 3876 quos
795 3796 911 3873 vident,
936 3796 967 3857 in
993 3803 1112 3859 tantum
1135 3805 1170 3857 ut
1192 3796 1289 3859 etiam

292 3890 414 3952 nomina
436 3890 553 3953 illorum
566 3892 663 3955 sciant
677 3916 683 3964 ;
702 3902 736 3955 ut
751 3895 836 3957 dives
851 3895 1114 3958 nominaAbrahae
1125 3903 1157 3957 et
1176 3895 1288 3957 Larari

293 3990 443 4072 cognovit.

338 4091 376 4153 D.
404 4091 503 4156 Orant
525 4092 632 4155 animae
656 4113 712 4174 pro
738 4093 837 4156 charis
860 4096 939 4157 suist
958 4133 1001 4143 —
1017 4098 1061 4159 M.
1089 4094 1172 4157 Justi
1198 4104 1288 4157 orant

294 4213 349 4275 pro
369 4192 416 4253 his
438 4214 514 4275 quos
530 4194 560 4255 in
582 4193 712 4256 Domino
733 4204 931 4269 amaverunt,
950 4199 997 4259 vei
1021 4217 1075 4280 pro
1094 4195 1141 4258 his
1160 4195 1212 4277 qui
1234 4217 1286 4258 eos

261 4315 264 4319 ’
294 4299 445 4362 invocant,
464 4300 498 4354 ut
523 4315 539 4355 a
566 4293 646 4354 malo
672 4302 840 4368 serventur,
865 4304 896 4357 et
922 4318 940 4358 a
964 4297 1067 4359 mundi
1090 4296 1287 4359 tentamentis
1312 4308 1315 4315 '
