3184 5442
402 765 467 832 102
778 790 809 830 n.
836 788 1009 831 muranum

398 948 438 992 ne
452 929 609 1003 deficiant;
628 935 660 992 et
672 928 800 991 liberum
818 925 976 990 arbitrium
992 925 1072 988 dono
1090 925 1212 1010 gratiae,
1226 927 1279 990 ubi
1292 929 1394 993 Deum

400 1034 499 1113 rogat,
513 1034 548 1092 ut
558 1028 611 1092 det
622 1027 667 1091 eis
677 1025 962 1091 corroborationem.
976 1060 1016 1074 -
1029 1025 1213 1088 Paternum
1224 1034 1258 1089 in
1272 1028 1396 1116 σηοω]

401 1126 503 1192 Coelos
514 1135 606 1192 vocat
618 1126 792 1210 spirituales
804 1125 953 1188 homines.
967 1126 1092 1189 Terram
1102 1126 1251 1191 carnales.
1268 1128 1327 1191 Ad
1332 1129 1397 1191 Pa-

402 1240 491 1304 trem‚
509 1226 619 1310 inquit,
631 1227 736 1312 flecto
747 1247 867 1311 genua.
884 1225 1026 1311 Exquo,
1047 1224 1156 1305 idest,
1174 1247 1332 1310 perquem
1343 1250 1397 1292 no-

401 1328 555 1392 minantur
569 1326 670 1390 caeteri
684 1332 789 1410 patres
807 1345 862 1388 seu
882 1323 1068 1408 spirituales
1091 1345 1148 1388 seu
1167 1325 1316 1392 carnales.
1334 1329 1397 1407 Qui

402 1425 483 1491 enim
497 1423 570 1491 fecit
588 1447 655 1491 esse
670 1446 718 1490 res
733 1425 816 1509 quod
830 1423 978 1508 srmtipse
989 1443 1083 1488 causa
1093 1431 1142 1490 est
1155 1432 1192 1489 ut
1203 1426 1398 1491 nominentur

403 1526 576 1609 quodsunt.
591 1525 703 1602 Aliter,
715 1525 772 1588 Ea
787 1547 861 1598 utro,
875 1524 907 1587 id
916 1530 975 1598 est,
989 1526 1075 1610 cujus
1088 1523 1284 1590 similitudine
1297 1521 1398 1590 nomi-

402 1633 513 1691 nantur
525 1633 630 1710 patres
646 1624 832 1710 spirituales,
846 1623 896 1688 vel
912 1623 1061 1688 carnales.
1074 1623 1155 1702 Quia
1167 1623 1249 1688 enim
1262 1626 1401 1710 omnipo-

403 1735 472 1792 tens
483 1726 569 1790 Deus
579 1747 636 1811 pro
650 1745 687 1789 eo
701 1731 789 1810 pater
800 1722 922 1798 dicitur,
942 1722 992 1786 vel
1003 1723 1087 1805 quod
1100 1722 1193 1787 filium
1206 1745 1244 1788 ex
1259 1745 1294 1789 se
1303 1746 1399 1812 gene·

403 1820 551 1898 ravit,vel
561 1823 752 1907 qnodcreata
759 1820 883 1905 proprio
890 1819 1096 1882 moderamine
1107 1821 1296 1905 gubernatet
1306 1823 1398 1908 regit.
1417 1853 1420 1859 ·

405 1921 455 1985 Ex
469 1941 507 1985 ea
521 1919 717 1985 similitudine
734 1924 860 2004 propter
875 1916 1015 1980 eamdem
1029 1937 1154 1981 causam
1172 1926 1276 2002 patres
1293 1921 1402 1987 dicun-

406 2026 468 2098 tur,
484 2020 531 2084 vel
551 2020 621 2104 quia
633 2040 672 2084 ex
689 2040 723 2082 se
735 2018 811 2102 ipsis
825 2016 902 2080 filios
918 2023 1081 2101 generant;
1100 2018 1150 2080 vel
1161 2018 1234 2101 quia
1248 2021 1403 2107 subjectos

406 2114 458 2198 pio
473 2116 574 2180 studio
592 2117 764 2201 gubernant
778 2119 811 2177 et
825 2119 946 2199 regrmt.
960 2111 994 2176 Si
1008 2132 1082 2176 vero
1093 2134 1148 2197 per
1159 2114 1254 2180 coelos
1264 2118 1405 2204 Angelos

406 2213 533 2299 intelligi
545 2214 653 2288 voluit,
666 2212 847 2277 credendum
862 2217 910 2274 est
919 2210 1051 2275 minores
1063 2213 1214 2298 Angelos,
1231 2224 1337 2299 patres
1348 2238 1405 2282 no-

407 2312 525 2377 minare
534 2313 678 2399 majores:
693 2331 816 2395 quoquo
825 2319 929 2375 tamen
945 2311 1036 2375 modo
1047 2312 1200 2377 sententia
1210 2314 1400 2403 intelligitur,

407 2412 487 2475 bona
498 2410 667 2495 paternitas
678 2408 808 2494 intelligi
819 2409 911 2472 debet
923 2432 929 2471 :
942 2429 1042 2494 neque
1054 2410 1179 2475 enimex
1187 2413 1256 2478 Deo
1266 2414 1402 2492 illaerat,

408 2509 447 2574 de
455 2530 517 2593 qua
527 2509 558 2572 in
569 2509 738 2596 Evangelio
754 2509 828 2573 dicit
846 2532 853 2570 ι
878 2508 944 2572 Vos
953 2531 995 2571 ex
1002 2523 1101 2596 patre
1115 2510 1242 2575 diabolo
1257 2523 1349 2581 estis.
1361 2517 1407 2581 Et

409 2609 480 2674 alibi
492 2632 500 2683 ;
521 2611 560 2674 ab
577 2616 669 2672 initio
682 2607 822 2672 mendax
836 2620 895 2688 est,
916 2615 948 2672 et
962 2615 1056 2692 pater
1065 2610 1132 2696 ejus
1145 2619 1265 2694 patrem
1276 2616 1405 2679 menda-

410 2709 448 2775 cii
458 2709 613 2776 diabolum
623 2710 737 2775 dicens.
753 2746 798 2757 -
809 2707 972 2773 Laranda.
984 2706 996 2795 ]
1008 2708 1154 2774 Latitudo
1163 2710 1411 2780 Christianorum-

411 2816 459 2875 est
471 2811 571 2876 cordis
579 2809 759 2894 amplitudo,
774 2810 814 2872 ad
825 2809 958 2872 dandum
966 2816 998 2873 et
1011 2810 1252 2876 subveniendum
1266 2834 1324 2898 pro
1337 2816 1408 2880 Deo

411 2911 442 2975 in
454 2919 601 2995 quantum
618 2917 738 2995 potest,
755 2910 837 2974 unde
852 2908 928 2973 alias
940 2907 1068 2973 dicitur:
1088 2909 1278 2976 Dilatamtni
1288 2927 1405 2980 etvoo.

330 3082 333 3087 ,
414 3047 454 3061 -
470 3009 659 3098 Longitudo.
673 3010 685 3097 ]
700 3009 883 3094 Longitudo,
896 3029 966 3093 quae
988 3015 1021 3073 et
1031 3008 1107 3074 alias
1120 3010 1352 3098 Iangaoimitas
1363 3017 1408 3082 di·

413 3099 502 3186 citur,
522 3113 554 3176 id
572 3120 631 3187 est,
653 3110 827 3195 expectatio
842 3108 1075 3194 promissionum
1089 3110 1149 3176 Dei
1164 3133 1233 3176 cum
1249 3113 1410 3183 alacritate

413 3213 535 3278 mentis,
560 3250 604 3262 —
629 3211 827 3276 Sublimitas.
850 3210 862 3297 ]
884 3209 1064 3275 Sublimitas
1091 3220 1139 3276 est
1172 3213 1238 3277 vita
1262 3217 1405 3283 coelestis.

414 3311 505 3375 Unde
519 3312 595 3375 alias
608 3311 735 3377 dicitur:
754 3311 860 3398 Supra
870 3310 995 3373 modom
1011 3317 1044 3372 ia
1054 3310 1246 3376 subilmitatis
1256 3328 1409 3381 ‹otmum

411 3409 527 3496 glorioe
545 3411 685 3496 pondus.
711 3447 755 3459 -
778 3408 1018 3497 Pmfimdaua]
1046 3410 1233 3478 Profundum
1258 3414 1409 3482 irrfemum

414 3514 514 3572 vocat.
526 3508 605 3573 Orat
615 3529 687 3593 ergo
707 3508 888 3592 Apostolus,
906 3515 1056 3592 quatenus
1071 3508 1136 3575 hoec
1144 3521 1277 3595 quatuor
1289 3517 1410 3600 possint

415 3607 599 3693 intelligere,
622 3615 654 3673 et
672 3608 837 3683 intellecta,
855 3609 916 3672 tria
935 3614 1098 3692 appetere,
1117 3630 1211 3677 unum
1229 3614 1340 3682 vitare.
1366 3653 1407 3667 -

415 3706 533 3771 Saeouli
554 3705 782 3793 saeculorum]
806 3707 959 3779 Saecnlum
980 3706 1159 3773 seculorum
1177 3718 1225 3778 est
1238 3715 1406 3790 aetenntas,

416 3807 501 3895 cujus
515 3813 620 3892 partes
637 3813 708 3872 sunt
729 3814 868 3890 tempora
884 3813 917 3871 et
936 3806 1038 3871 omnia
1052 3809 1173 3874 saecula.
1193 3812 1302 3878 Potest
1315 3815 1410 3880 etiam

417 3907 544 3994 intelligi
557 3908 667 3972 saecula
680 3906 870 3981 saeculomm,
889 3906 948 3972 hoo
963 3928 1097 3992 praesens
1115 3911 1256 3976 saeculum
1270 3916 1311 3980 ab
1323 3915 1410 3981 initio

418 4007 522 4072 mundi
540 4027 637 4091 usque
660 4009 700 4072 ad
719 4008 811 4071 linem
829 4006 917 4072 simm
941 4007 1140 4088 intellectum,
1160 4013 1241 4096 quod
1256 4013 1287 4077 in
1314 4014 1411 4080 multa

416 4107 524 4197 soecula
538 4106 691 4172 dividitur.
1135 4101 1143 4113 ’
