3184 5442
298 656 363 719 312
674 679 704 719 u.
733 680 907 721 unuranncr

296 815 470 887 varietates
491 835 558 897 quae
566 829 742 897 sequuntur,
764 815 835 877 inde
857 817 1008 898 excerpsi:
1031 817 1060 877 D
1088 817 1140 876 ed.
1167 815 1283 879 D'Ach.

295 915 321 978 P
336 914 412 978 Cod.
429 914 500 978 Par.
517 914 769 998 designant-P.
791 907 871 987 149,
890 915 910 976 l.
923 916 966 976 26
984 936 1174 977 eum-om.
1190 913 1284 978 D'Ac.

298 1043 338 1069 =
352 1014 428 1087 151,
444 1013 487 1076 18
498 1034 603 1077 canon.
620 1034 684 1075 sev.
703 1033 751 1074 me
763 1014 805 1095 pl.
823 1015 888 1076 sub.
901 1050 939 1060 -
953 1015 1126 1097 subjaceam
1141 1033 1287 1075 canonum

297 1113 451 1176 severitati
464 1112 494 1175 D
511 1139 552 1166 =
571 1110 634 1173 152
648 1163 653 1184 ,
675 1111 715 1173 16
737 1113 877 1176 recitavit
894 1149 932 1159 -
950 1134 1009 1176 om.
1034 1113 1063 1174 D
1077 1140 1119 1166 =
1136 1111 1205 1172 152
1219 1162 1225 1183 ,
1250 1111 1288 1173 25

296 1211 441 1284 adversm
458 1246 497 1258 -
511 1231 572 1272 om.
597 1211 626 1272 D
639 1241 679 1266 =
693 1211 756 1273 153
773 1264 778 1284 ,
803 1212 845 1274 19
870 1213 1002 1283 amicos;
1020 1248 1061 1258 -
1076 1219 1247 1275 assertores
1262 1211 1288 1273 D

281 1338 339 1364 *=
351 1308 394 1371 23
422 1308 605 1372 constituere
625 1318 821 1372 —constare
849 1311 929 1374 P=
944 1306 1025 1386 156,
1044 1310 1086 1371 10
1111 1310 1185 1391 quia
1203 1312 1229 1372 si
1253 1345 1286 1356 -

295 1407 382 1488 quasi
392 1407 422 1470 D
434 1435 475 1462 =
487 1405 528 1468 21
546 1428 621 1470 vera
632 1429 746 1470 esse-
756 1430 816 1470 om.
829 1410 859 1471 D
872 1420 906 1452 =
918 1409 993 1482 157,
1005 1408 1049 1469 25
1063 1409 1235 1470 scribentes
1251 1444 1286 1455 -

294 1506 458 1570 scientesD
470 1535 511 1561 =
519 1507 593 1580 162,
602 1508 646 1570 30
658 1509 842 1571 tractatui-
857 1509 1005 1572 tractandi
1016 1508 1182 1590 incongrua
1206 1510 1233 1570 P
1246 1537 1284 1562 =

296 1603 376 1679 163,
404 1605 448 1667 26
472 1605 637 1670 timendam
650 1642 692 1654 -
709 1607 847 1670 timidam
872 1609 900 1670 D
913 1636 954 1662 =
966 1608 1010 1669 28
1033 1606 1086 1668 sed
1106 1626 1169 1666 om.
1204 1607 1236 1668 D
1249 1635 1287 1660 =

297 1700 379 1777 164,
396 1703 440 1766 25
456 1704 588 1767 humana
598 1741 641 1753 --
656 1727 737 1770 omn.
752 1708 782 1770 D
793 1736 835 1762 =
847 1705 890 1768 26
902 1708 1064 1788 probemus
1078 1740 1117 1751 -
1129 1712 1166 1765 ut
1177 1706 1288 1784 probe-

301 1821 369 1864 mus
382 1802 408 1866 P
420 1826 458 1858 =
471 1804 555 1878 172,
572 1804 610 1866 ll
629 1826 719 1887 quum
740 1827 847 1868 revera
857 1806 897 1868 sit
916 1811 1138 1867 sacramentum
1157 1804 1292 1884 corporis

296 1901 407 1966 Christi
438 1939 476 1951 -
504 1924 565 1965 om.
595 1905 625 1967 D
648 1933 689 1959 =
719 1905 803 1976 180,
835 1907 855 1965 6
878 1903 1077 1966 ministerium
1102 1938 1143 1946 ——
1171 1911 1290 1985 myste-

295 2002 374 2064 rium
387 2003 418 2064 D
435 2031 476 2058 =
493 2002 557 2065 185
575 2003 616 2065 13
632 1988 824 2087 superius-
851 2025 913 2066 om.
928 2004 957 2065 D
973 2031 1015 2057 =
1027 2002 1101 2073 197,
1122 1999 1164 2061 34
1176 2001 1292 2063 Beatus

296 2108 355 2164 etc.
379 2122 476 2183 usque
492 2101 532 2163 ad
546 2102 647 2164 finem.
663 2103 739 2165 Haec
761 2103 862 2164 omnia
883 2102 914 2163 in
930 2101 1042 2165 Codice
1062 2098 1227 2162 Parisiensi
1243 2100 1291 2161 in-

295 2208 388 2264 venta
404 2200 519 2263 omittit
532 2201 579 2263 D:
598 2221 653 2264 nec
669 2202 748 2264 enim
764 2202 839 2264 satis
853 2223 921 2265 cum
936 2199 1175 2283 precedentibus
1191 2199 1291 2262 cohae·

296 2320 360 2362 rere
374 2300 532 2372 videntur;
554 2301 659 2362 sedne
680 2301 774 2363 lector
792 2301 947 2383 quippiam
963 2299 1148 2360 desideraret
1165 2347 1170 2369 ,
1190 2299 1292 2360 omnia

294 2397 343 2461 hic
352 2398 540 2460 adnectenda
550 2397 632 2459 duxi.

339 2497 520 2559 Enumornu
543 2492 608 2553 sive
630 2492 773 2575 Dialogi,
800 2500 859 2555 etc.
893 2500 1032 2564 textum;
1062 2496 1114 2577 qui
1139 2505 1187 2558 est
1212 2499 1293 2562 inter

296 2612 388 2676 opera
403 2589 560 2662 Anselmi,
579 2610 648 2653 cum
672 2591 774 2655 codice
790 2592 994 2674 manuscripto
1020 2593 1103 2656 Bibl.
1134 2595 1214 2679 Reg.
1234 2598 1294 2661 Pa-

307 2691 358 2754 ris.
369 2689 458 2752 5134
484 2696 622 2752 accurate
644 2691 765 2753 contuli.
782 2691 845 2754 Hic
860 2690 958 2754 codex
979 2693 1098 2765 ,saeculi
1110 2694 1192 2756 tertii
1207 2696 1292 2759 deci-

296 2790 356 2865 mi,
376 2789 455 2852 male
470 2788 601 2871 scriptus
612 2796 643 2851 et
654 2789 764 2853 indicia
775 2790 867 2852 nimis
877 2789 1050 2853 festinantis
1065 2792 1170 2854 scribae
1188 2800 1292 2857 osten-

296 2890 391 2962 dens,
417 2889 504 2971 plura
525 2895 627 2950 tamen
652 2888 762 2963 habet,
788 2910 855 2972 quae
877 2890 917 2951 ad
942 2889 1152 2973 corrigendum
1172 2899 1294 2956 textum

296 2988 371 3051 mihi
393 2987 480 3050 utilia
502 2984 633 3048 fuemnt.
653 2985 830 3069 Sequuntur
854 3007 922 3071 quae
946 2987 1016 3050 inde
1041 2998 1185 3070 excerpta
1212 2992 1292 3054 rela-

296 3094 330 3149 tu
350 3086 441 3171 digna
455 3084 571 3168 putavi.
599 3085 630 3147 A
653 3085 725 3150 edit.
756 3087 897 3149 Anselmi
918 3087 1017 3150 Paris.
1037 3088 1144 3150 Pcod.
1161 3098 1287 3153 mstum.

297 3186 396 3250 Paris.
424 3185 595 3268 designant.
607 3213 648 3240 =
673 3184 760 3260 203,
786 3187 832 3249 25
853 3188 959 3250 eadem
981 3195 1029 3251 est
1052 3208 1119 3269 quae
1136 3223 1175 3235 -
1193 3210 1234 3250 m.
1260 3194 1291 3252 A

298 3313 340 3340 =
361 3285 448 3360 206,
471 3282 514 3345 26
536 3283 624 3346 stetit
638 3320 677 3331 -
691 3285 770 3347 enim
791 3306 852 3347 non
880 3286 967 3348 stetit
978 3287 1054 3348 A=
1074 3287 1160 3361 207,
1181 3287 1223 3348 13
1247 3309 1293 3350 re

298 3404 474 3468 surgere-
496 3403 620 3467 surgere
639 3383 671 3446 A
695 3413 736 3439 =
763 3383 808 3447 29
829 3385 911 3468 quod
943 3385 1031 3468 quasi
1040 3421 1082 3434 —
1099 3386 1171 3469 quia
1193 3387 1225 3448 A
1248 3415 1290 3442 =

298 3483 485 3557 209‚4m0x
500 3517 540 3532 -
557 3503 616 3544 om.
631 3484 662 3546 A
679 3513 719 3538 =
734 3482 777 3545 27
793 3485 843 3547 Ita
858 3521 902 3530 -
915 3484 986 3547 Non
1000 3484 1048 3558 A,
1065 3483 1226 3546 sedetiam
1238 3497 1289 3557 vel

299 3584 439 3668 equidem
453 3582 485 3643 in
506 3581 641 3666 margine
663 3611 702 3638 =
720 3582 798 3657 210,
815 3581 833 3644 3
849 3583 957 3647 coelum
981 3618 1020 3629 -
1045 3582 1111 3644 coeli
1130 3582 1162 3643 A
1185 3610 1227 3634 =
1248 3581 1290 3643 15

299 3683 456 3765 qualitate,
470 3680 519 3744 vel
537 3716 576 3728 -
594 3681 741 3764 quaditate
755 3682 935 3764 exprimitur
944 3680 992 3741 vel
1003 3681 1035 3742 A
1050 3707 1091 3734 =
1101 3677 1142 3740 31
1157 3678 1288 3740 dedecus

298 3780 408 3843 diaboli
420 3780 531 3861 utplus
548 3816 586 3826 -
600 3781 730 3843 dedecus
744 3781 856 3844 diaboli
868 3787 900 3843 et
916 3777 1142 3841 excusationem
1157 3776 1219 3838 Dei
1233 3801 1240 3850 ;
1254 3788 1290 3840 ut

296 3880 322 3941 si
330 3877 407 3940 forte
423 3882 557 3938 tentatus
570 3877 702 3948 caderet,
724 3878 862 3942 diabolus
876 3897 929 3962 per
946 3876 1004 3938 hoc
1017 3874 1079 3938 Dei
1090 3895 1152 3937 non
1165 3875 1291 3940 insulta·

299 3985 359 4049 ret;
379 3974 405 4038 si
420 3980 521 4036 autem
530 3991 590 4034 non
600 3984 807 4055 superaretur,
821 3977 959 4040 diabolus
969 3971 1038 4058 plus
1053 3976 1085 4037 A
1098 4004 1140 4030 =
1155 3973 1291 4047 211,16

300 4074 422 4140 minutis
439 4107 480 4118 -
495 4069 626 4131 minimis
646 4071 678 4132 A
693 4100 734 4127 =
756 4073 800 4135 30
816 4082 864 4138 est
887 4111 925 4123 -
947 4095 1009 4136 om.
1034 4075 1066 4136 A
1081 4103 1123 4129 =
1148 4073 1225 4149 213,
1248 4075 1293 4137 24

303 4174 452 4258 quomodo
475 4206 513 4216 -
538 4189 599 4231 om.
632 4170 662 4233 A
680 4182 715 4213 =
729 4170 807 4247 214,
825 4173 847 4234 2
864 4195 924 4235 non
944 4174 1051 4236 sed-
1067 4195 1128 4237 om.
1144 4176 1176 4237 A
1190 4204 1231 4229 =
1249 4174 1293 4236 32
