3184 5442
298 704 360 766 194
675 725 705 764 n.
733 724 907 766 nnurnmcr

296 876 329 928 ut
345 864 536 927 meminerint
551 883 690 938 suarum;
710 866 845 928 neultra
863 883 955 946 qnam
969 868 1069 926 tutum
1089 869 1137 926 est
1155 863 1293 928 hnmana

294 961 505 1046 progrediatur
525 959 697 1024 infirmitas.
725 993 738 1016 n
763 963 807 1024 Et
827 961 858 1022 in
877 961 954 1023 libro
975 967 1081 1023 contra
1100 960 1293 1024 Felicianum

295 1061 469 1125 haereticum
482 1084 488 1122 :
506 1091 518 1112 u
530 1061 755 1145 Scripturarum
765 1063 947 1126 auctoritate
956 1067 1127 1136 contentus
1140 1061 1294 1144 simplici.-

295 1162 353 1226 tati
368 1161 490 1224 obedire
504 1161 607 1245 potius
625 1163 733 1226 studeo
750 1184 844 1246 quam
862 1162 984 1227 tumori.
1006 1191 1018 1215 υ
1035 1162 1078 1224 Et
1088 1161 1181 1243 paulo
1196 1172 1290 1244 post:

299 1294 312 1315 u
331 1262 432 1346 Quam
457 1260 605 1323 rationem
626 1260 734 1333 afferre
747 1271 838 1345 potes
852 1262 879 1324 si
892 1252 1016 1344 partum
1031 1260 1178 1342 praedicas
1192 1261 1294 1345 virgi-

293 1361 357 1429 nis.
371 1360 398 1424 si
410 1359 544 1424 redditos
557 1360 659 1423 oculos
670 1383 732 1424 non
742 1383 838 1447 negas
847 1362 951 1434 caecis;
964 1360 990 1424 si
1000 1353 1136 1442 se'pultos
1146 1362 1296 1449 ostendas

295 1460 419 1523 rediisse
436 1457 611 1522 amortuis?
623 1460 659 1524 Si
673 1481 746 1547 ergo
756 1461 863 1540 horum
878 1469 911 1524 et
921 1460 1233 1544 incomprehensibilis
1245 1469 1296 1524 est

295 1560 385 1632 ratio,
403 1568 434 1623 et
444 1559 560 1623 veritas
570 1568 714 1644 prompta
725 1568 785 1636 est,
802 1559 923 1624 facilius
932 1560 963 1622 in
978 1560 1194 1645 negotiis-fidei,
1206 1560 1296 1631 testi-

295 1659 405 1723 moniis
420 1660 563 1737 creditur‚
576 1682 669 1743 quam
682 1662 760 1726 ratio
775 1660 989 1746 investigatur.
1102 1719 1104 1734 Ξ
1143 1715 1145 1721 ,
1184 1727 1189 1736 ‚
1244 1728 1257 1737 ..

241 2038 242 2041 ,
313 1977 320 1989 ’
341 1976 396 2039 22.
422 1975 564 2042 Probatis
585 1995 653 2057 quae
674 1974 796 2058 probari
817 1976 995 2057 oportebat,
1019 1982 1051 2037 et
1072 1974 1203 2038 exclusis
1224 1995 1297 2058 quac

297 2077 417 2141 excludi
428 2076 507 2140 ratio
520 2076 678 2149 suadebat,
689 2076 753 2161 jam
766 2076 891 2150 tandem
906 2074 980 2157 quid
990 2086 1028 2138 tu
1043 2075 1159 2148 credas
1178 2081 1211 2138 et
1224 2096 1295 2138 cre·

297 2178 456 2240 dulitatem
469 2184 554 2238 tuam
568 2174 647 2258 quid
655 2184 812 2258 sequatur,
832 2174 1001 2237 videamus.
1011 2173 1060 2236 Tu
1073 2174 1171 2236 credis
1181 2195 1296 2257 panem

297 2278 464 2359 vinumque
473 2275 631 2339 dominioae
643 2296 755 2338 mensae
765 2274 845 2338 inter
854 2275 1088 2338 consecrandum
1099 2285 1246 2357 quantum
1254 2277 1298 2338 ad

298 2376 501 2439 substantiam
523 2375 691 2438 immobilia
707 2396 897 2459 permanere.
913 2376 984 2439 Hoc
1002 2383 1050 2438 est
1064 2395 1176 2458 panem
1194 2382 1228 2437 et
1246 2375 1297 2438 vi-

297 2497 370 2538 num
390 2474 532 2538 extitisse
552 2486 623 2537 ante
646 2476 920 2550 consecrationem,
944 2482 1107 2558 et-panem
1129 2474 1298 2557 vinumque

298 2576 429 2639 existere
447 2583 518 2658 post
539 2573 811 2638 consecrationem.
830 2575 944 2640 Christi
966 2596 1103 2647 camem‚
1118 2574 1297 2658 acsangui-

297 2698 368 2739 nem
378 2682 542 2759 propterea
551 2675 656 2738 vocari
668 2698 675 2737 :
689 2676 771 2758 quod
783 2675 815 2738 in
826 2676 1005 2739 memoriam
1021 2674 1296 2748 cmcifixaecamis.

299 2784 331 2841 et
343 2777 381 2840 de
393 2777 489 2840 latere
501 2774 588 2838 effusi
600 2775 757 2859 sanguinis
770 2775 802 2837 in
816 2774 956 2837 Ecclesia
969 2774 1158 2838 celebrentur
1171 2797 1178 2836 z
1189 2780 1227 2837 ut
1240 2775 1299 2838 do-

299 2877 440 2940 minicam
455 2876 627 2959 passionem
639 2896 695 2959 per
704 2875 762 2938 boo
771 2874 919 2938 admoniti
929 2894 1050 2957 semper
1061 2873 1248 2946 recolamuS,
1267 2885 1301 2940 et

299 2979 465 3042 recolentes
475 2997 599 3040 carnem
607 2984 745 3039 nostram
756 2997 826 3039 cum
840 2973 935 3048 vitiis,
948 2981 981 3038 et
991 2973 1245 3057 concupiscentiis
1256 2977 1303 3039 in-

299 3086 453 3144 cessanter
466 3078 689 3162 cmcifigamus
701 3077 778 3155 Qum
792 3076 820 3138 si
833 3095 908 3138 vera
922 3083 996 3138 sunt
1007 3095 1017 3137 z
1030 3074 1256 3157 praestantiora,
1269 3087 1304 3142 et

299 3181 448 3244 diviniora
458 3177 581 3241 fuerunt
591 3183 783 3240 sacramenta
796 3176 972 3238 Judaeorum
983 3175 1182 3238 sacramentis
1193 3174 1303 3241 Chris·

301 3281 463 3344 tianorum.
479 3276 649 3363 Quisenim
659 3275 795 3355 nesciat,
811 3296 923 3338 manna
937 3274 1020 3358 quod
1032 3274 1071 3338 de
1084 3275 1305 3358 coeloplnebat

299 3381 460 3453 Dominus,
475 3399 531 3440 sen
541 3376 706 3448 animatas,
716 3382 748 3438 et
758 3374 915 3438 sensibiles
927 3381 1095 3450 creaturas,
1109 3395 1187 3457 quas
1199 3397 1305 3462 popu.

299 3477 347 3539 lus
362 3478 412 3540 ille
426 3475 594 3540 sacrificare
609 3483 825 3551 consueverat,
840 3495 938 3558 parva
953 3474 1089 3538 buccella
1103 3476 1211 3556 panis,
1231 3498 1304 3541 mo-

302 3574 430 3657 dicoque
444 3573 506 3636 vini
519 3574 747 3656 praestantiores
766 3575 925 3639 extitissel
947 3575 1067 3638 Rursus
1085 3574 1157 3657 quis
1174 3596 1238 3638 non
1253 3577 1304 3640 in-

302 3674 421 3758 telligat
438 3672 570 3736 divinius
590 3671 683 3736 fuisse
698 3675 904 3757 praenuntiare
921 3672 1042 3750 firmina,
1064 3695 1306 3758 quamnarrare
1360 3670 1362 3674 ’

301 3774 467 3856 praeterita,
477 3794 547 3836 cum
554 3772 627 3835 illud
636 3793 695 3835 non
705 3775 805 3856 possit
813 3773 913 3838 facere
921 3775 980 3853 nisi
987 3774 1096 3858 spiritu
1103 3774 1164 3838 Dei
1172 3775 1302 3858 plenus;

303 3874 361 3937 hoc
374 3881 477 3938 autern
491 3893 572 3956 saepe
590 3871 683 3937 faciat
702 3873 798 3938 idiota
812 3874 906 3938 etiam
920 3874 970 3938 vel
984 3873 1112 3958 quilibet
1122 3873 1301 3958 imperitus!

303 3973 367 4037 Sed
382 3973 462 4036 absit
479 3972 536 4036 hoc
550 3994 570 4036 a
585 3973 718 4036 fidelium
734 3975 841 4049 corde,
860 3983 892 4037 et
906 3974 1072 4038 christiana
1085 3972 1300 4058 intelligentia.

304 4072 417 4136 Christi
431 4093 565 4156 namque
577 4073 664 4137 miles
677 4075 861 4138 Ambrosius
871 4074 924 4138 illa
933 4074 1088 4150 inferiora,
1102 4073 1166 4138 haec
1180 4075 1305 4158 potiora
1378 4159 1381 4165 Ι

305 4181 337 4237 et
357 4172 495 4257 digniora
513 4193 580 4236 esse
601 4175 632 4237 in
654 4174 730 4237 libro
746 4175 784 4238 de
803 4174 963 4260 mysteriis
979 4176 1155 4250 confirmat,
1175 4175 1300 4239 dicens:

309 4302 322 4326 u
340 4273 468 4336 Summo
484 4271 585 4334 studio
599 4274 740 4338 volumus
755 4275 970 4357 comprobare,
989 4272 1062 4356 quia
1079 4283 1111 4336 ct
1128 4273 1304 4357 antiquiora
