3184 5442
547 710 754 752 aerumnarum
779 711 848 752 srva
872 710 1028 752 unrocus.
1224 690 1287 751 251

292 847 380 909 uxori
409 868 471 910 suae
491 869 546 931 per
569 849 735 918 rationem:
754 850 855 912 anima
880 850 1002 912 obediat
1024 849 1135 912 manto
1157 869 1214 912 suo
1234 869 1290 931 per

293 946 503 1022 dilectionem;
519 969 588 1011 caro
599 948 709 1011 ancilla
719 946 881 1012 famuletur
900 970 955 1032 per
965 949 1181 1032 operationem.
1196 949 1287 1027 Quod

294 1046 320 1108 si
333 1067 411 1109 uxor
424 1049 464 1111 ab
473 1047 581 1111 ancilla
592 1048 693 1112 illecta
712 1049 856 1112 maritum
867 1050 907 1112 ad
922 1069 1100 1113 consensum
1116 1048 1185 1111 mali
1198 1046 1286 1112 incli-

294 1147 423 1222 naverit,
437 1154 470 1210 et
483 1147 549 1230 ipse
560 1167 629 1210 cum
641 1168 678 1211 ea
691 1167 746 1230 per
760 1149 901 1211 ancillam
911 1155 1070 1230 peccatum
1080 1147 1283 1231 perpetravit:

294 1245 372 1309 siout
389 1265 514 1330 serpens
523 1248 724 1331 persuadens,
739 1248 847 1311 mulier
860 1248 1086 1331 concupiscens,
1098 1248 1146 1311 vir
1159 1267 1286 1311 consen·

295 1344 383 1420 tiene,
392 1345 489 1429 poenis
499 1347 667 1411 subduntur
676 1371 682 1420 ;
691 1348 735 1411 sic
743 1349 824 1434 juste
836 1368 906 1411 caro
918 1348 1054 1422 illiciens,
1065 1347 1168 1410 anima
1179 1367 1289 1410 concu-

295 1444 430 1526 piscens,
455 1446 579 1529 spiritus
593 1447 784 1510 consentiens
798 1449 888 1510 simul
910 1469 929 1510 a
948 1447 1059 1530 gaudio
1074 1447 1286 1511 excluduntur.

338 1545 381 1607 D.
408 1546 491 1622 Quid
513 1546 605 1629 igitur
630 1546 761 1611 faciantl
776 1583 816 1596 —
832 1549 878 1611 M.
901 1548 997 1622 Sara,
1026 1547 1161 1620 scilicet,
1189 1548 1291 1610 anima
1341 1542 1344 1547 ’

296 1644 445 1718 Abrahae‚
459 1644 492 1708 id
514 1653 579 1720 est,
594 1646 712 1729 spiritui
726 1647 884 1710 adhaerens
895 1645 1030 1709 carnalia
1040 1656 1165 1729 respuat
1178 1697 1184 1720 ‚
1199 1645 1290 1729 spiri-

295 1743 389 1806 tualia
408 1744 620 1827 concupiscat;
636 1747 722 1830 Agar
737 1746 900 1821 ancillam,
922 1746 955 1809 id
976 1753 1039 1820 est,
1060 1766 1181 1808 carnem
1203 1766 1290 1808 suam

296 1841 405 1926 vigiliis
419 1852 462 1912 ,et
479 1845 600 1930 jejuniis
619 1846 659 1908 ad
682 1847 763 1908 bona
784 1866 878 1928 opera
902 1844 1108 1928 constringat;
1127 1851 1159 1907 et
1179 1844 1222 1908 sic
1246 1843 1290 1906 eis

295 1942 403 2016 lsaac,
424 1943 455 2006 id
476 1952 543 2019 est,
567 1966 672 2009 verum
700 1945 844 2031 gaudium
867 1951 1027 2019 nascetur,
1056 1964 1117 2026 quo
1142 1965 1213 2024 non·
1227 1945 1289 2006 dis-

294 2043 417 2116 cordeS,
430 2045 485 2106 sed
499 2045 624 2127 perenni
635 2066 710 2128 pace
722 2047 885 2110 concordes
898 2045 1153 2128 congratulentur.

339 2141 381 2204 D.
406 2143 513 2207 Habet
523 2144 742 2209 incrementum
758 2145 935 2209 animal-
950 2147 994 2209 M.
1010 2145 1081 2208 Non
1097 2143 1287 2227 quantitate,

296 2240 351 2302 scd
362 2241 491 2306 ratione.

340 2341 383 2403 D.
410 2341 549 2418 Qualiter
565 2351 731 2408 nascuntur
742 2344 866 2427 quidam
880 2344 973 2419 fatui,
991 2365 1059 2408 cum
1074 2343 1182 2406 animae
1197 2341 1291 2405 ratio-

296 2439 380 2502 nales
389 2441 460 2504 sint.
480 2477 519 2491 —
532 2443 579 2505 M.
589 2443 672 2506 Dum
686 2445 815 2507 crassior
829 2445 937 2507 humor
946 2445 978 2507 in
991 2444 1075 2507 visco
1089 2443 1290 2506 matrisutero

293 2537 482 2620 concipitur;
507 2542 731 2624 quodammodo
757 2543 858 2605 anima
876 2544 907 2605 in
928 2544 985 2606 boc
1006 2543 1183 2625 corpusculo
1202 2541 1292 2603 hebe-

297 2643 402 2711 tatur;
417 2638 495 2703 siout
507 2639 600 2703 etiam
610 2642 705 2705 adulti
720 2642 822 2724 aliqua
836 2643 1011 2705 infirmitate
1022 2643 1291 2727 sensuprivantur.¹

346 2928 398 2993 14.
427 2931 1078 3022 Deanimarumorigine‚etqualessintin
1100 2927 1287 3014 infantibus.

343 3029 385 3091 D.
410 3030 490 3095 Sunt
504 3034 612 3096 animae
625 3036 664 3096 ab
678 3034 764 3098 mitio
778 3041 887 3098 creatae
914 3040 969 3097 aut
983 3038 1123 3096 creantur
1137 3029 1289 3112 quotidiel

299 3163 345 3174 -
358 3128 405 3191 M.
422 3129 507 3194 Deus
522 3133 624 3196 omnia
641 3134 732 3197 simul
747 3141 779 3197 et
798 3133 892 3196 semel
906 3153 962 3215 per
976 3130 1134 3194 materiam
1150 3126 1237 3203 fecit,
1257 3138 1292 3190 ut

299 3227 425 3292 dicitur:
444 3259 457 3282 u
473 3232 534 3308 Qui
547 3232 620 3297 fecit
631 3254 699 3316 quae
714 3233 815 3297 futura
829 3239 919 3305 sunt3
942 3263 955 3285 n
978 3231 1174 3314 postmodum
1188 3235 1291 3291 autem

299 3326 441 3392 universa
449 3351 504 3413 per
514 3332 646 3415 speciem
662 3333 813 3397 distinxit.
831 3334 882 3397 Ab
892 3332 978 3397 initio
989 3331 1083 3415 igitur
1099 3329 1208 3392 animae
1221 3336 1293 3391 sunt

298 3434 409 3490 creatae
434 3429 465 3492 in
489 3431 631 3496 invisibili
653 3434 781 3497 materia
800 3457 807 3506 ;
831 3431 999 3495 formantur
1020 3437 1126 3494 autem
1157 3427 1291 3513 quotidie

299 3544 356 3605 per
367 3529 510 3610 speciem,
522 3538 555 3594 et
568 3532 729 3596 mittuntur
741 3532 771 3594 in
787 3554 945 3616 corporum
961 3531 1103 3616 effigiem,
1116 3537 1151 3593 ut
1162 3528 1286 3592 dicitur:
1319 3548 1322 3557 ·

306 3655 318 3674 κ
334 3624 428 3690 Pater
440 3628 632 3714 mensusque
647 3634 737 3695 modo
746 3640 898 3716 operatur,
911 3640 944 3695 et
958 3653 1015 3717 ego
1026 3650 1135 3714 operor
1150 3652 1178 3702 n;
1194 3636 1225 3692 et
1240 3628 1292 3691 ali-

301 3723 348 3793 bi:
368 3759 383 3800 κ4
398 3730 459 3808 Qui
477 3730 564 3794 fiuxit
575 3731 749 3814 singulatim
761 3733 853 3796 corda
867 3753 970 3795 eorum
986 3763 998 3786 n
1013 3782 1019 3806 ,
1033 3731 1066 3793 id
1080 3739 1129 3793 est
1143 3781 1150 3804 ‚
1162 3728 1290 3792 animas.

345 3829 387 3893 D.
413 3828 492 3893 (bum
504 3830 599 3905 Deua,
611 3832 833 3895 summobonus
847 3840 879 3895 et
890 3852 1008 3894 summe
1018 3837 1153 3904 sancum,
1163 3850 1221 3892 non
1237 3827 1295 3890 nisi
1359 3849 1361 3853 ·

300 3929 397 3992 bonas
417 3937 449 3991 et
472 3937 593 3993 anctos
617 3931 735 3994 animas
762 3940 864 4006 creet,
883 3939 915 3995 et
940 3932 1015 4015 ipsae
1038 3929 1148 3992 animae
1171 3934 1296 4011 propter

303 4026 505 4090 obedientiam
532 4027 598 4113 ejus
622 4049 749 4112 corpora
780 4030 916 4104 intrent,
942 4029 1024 4093 omni
1049 4027 1248 4092 admiratione
1263 4032 1295 4088 et

303 4125 384 4188 omni
406 4133 532 4208 stupore
553 4136 602 4191 est
621 4129 854 4203 admirandum,
874 4150 927 4193 cur
941 4135 1012 4192 eant
1030 4128 1063 4190 in
1084 4127 1249 4200 infernum,
1268 4127 1294 4188 si

302 4223 377 4286 illud
401 4225 612 4308 corpusculum
638 4250 710 4289 mox
733 4228 824 4291 suerit
847 4229 1019 4292 mortuuml
1035 4228 1133 4290 -M.
1157 4226 1257 4298 Deus,
1276 4247 1296 4288 a
