3184 5442
960 978 1198 1020 GnossAE
1246 980 1313 1021 m
1358 981 1457 1022 ΕΡ.
1510 984 1589 1024 AD
1634 984 1857 1028 GALAT.
2330 971 2415 1033 97

410 1118 667 1196 instrue,
696 1114 846 1199 quia
864 1120 931 1178 tu
949 1113 1208 1179 fortasse
1228 1117 1410 1180 cades
1432 1118 1494 1181 in
1516 1119 1754 1184 vitium.
1814 1158 1893 1170 —
1943 1123 2136 1188 Alter
2155 1125 2416 1192 alterius

412 1227 905 1302 oneraponate.
936 1213 961 1301 ]
984 1215 1054 1280 Si
1075 1216 1301 1280 videris
1322 1216 1574 1283 fratrem
1600 1220 1663 1283 in
1684 1222 1890 1306 aliquo
1917 1224 2166 1299 delicto,
2194 1228 2417 1293 leniter

412 1316 647 1399 corripe
677 1315 880 1388 illum:
911 1316 1013 1379 vel
1042 1337 1151 1380 ora
1182 1337 1295 1401 pro
1324 1318 1450 1391 illo,
1482 1327 1548 1383 et
1569 1319 1657 1385 sic
1680 1321 1912 1387 levabis
1938 1345 2093 1388 onus
2120 1328 2271 1413 ejus,
2326 1364 2416 1378 —

416 1416 647 1503 Legem
665 1413 928 1479 Christi.
949 1414 974 1501 ]
994 1415 1066 1479 Id
1087 1425 1205 1493 est,
1233 1417 1645 1482 dilectionem.
1673 1420 1812 1505 Ipse
1831 1422 1990 1485 enim
2012 1423 2201 1488 dixit:
2227 1426 2417 1491 Man-

412 1516 630 1581 datum
662 1539 888 1580 novum
918 1515 1000 1578 do
1028 1515 1246 1596 vobis,
1280 1531 1348 1582 ut
1374 1518 1665 1605 diligatis
1692 1529 1955 1585 invicem
1973 1576 1986 1599 ,
2020 1528 2191 1588 siout
2218 1527 2417 1592 dilexi

412 1640 555 1683 vos,
613 1655 696 1667 —
744 1618 894 1705 Ipse
912 1640 984 1680 se
1004 1617 1268 1682 seducit.
1299 1617 1324 1704 ]
1344 1619 1534 1684 Ratio
1548 1641 1655 1684 cur
1671 1643 1824 1707 opus
1840 1625 2086 1708 probari
2102 1636 2405 1712 oporteat.

417 1756 498 1771 ...
553 1717 736 1805 Opus
774 1729 981 1780 autem
1013 1740 1196 1780 suum
1220 1717 1471 1804 probet.
1505 1721 2051 1807 Pseudo-apostoli
2080 1725 2414 1794 laudabant

412 1841 551 1900 eOS,
582 1818 726 1882 ideo
755 1817 938 1882 dicit:
976 1839 1129 1902 opus
1165 1839 1344 1882 suum
1382 1821 1603 1902 probet
1620 1871 1634 1895 ,
1674 1842 1751 1885 ne
1789 1832 2023 1906 quaerat
2055 1825 2312 1909 gloriam
2348 1829 2411 1892 in

410 1916 716 1995 alteim-id
728 1923 852 1993 est,
870 1917 935 1979 in
952 1917 1207 1980 alterius
1224 1917 1411 1993 dictn,
1435 1918 1627 1982 sedin
1645 1941 1735 1983 se.
1784 1957 1863 1969 —
1910 1920 2360 1993 communicet.
2386 1927 2411 2015 ]

412 2019 572 2102 Qui,
599 2017 801 2101 inquit
821 2068 835 2094 ,
864 2017 1051 2080 verbo
1077 2016 1198 2081 Dei
1220 2016 1574 2093 instruitur,
1610 2018 1666 2081 ei
1697 2020 1802 2102 qui
1835 2041 1902 2083 se
1927 2021 2174 2088 instruit
2193 2077 2206 2102 ,
2236 2048 2407 2090 com-

411 2117 684 2185 municet
717 2117 783 2180 in
820 2117 1100 2181 omnibus
1135 2117 1312 2181 bonis
1351 2118 1498 2181 suis,
1546 2119 1776 2202 Arguit
1818 2140 1925 2181 eos
1968 2123 2320 2188 tenacitatis
2346 2127 2407 2189 in

411 2217 841 2304 praedicatores
879 2236 1042 2278 suos,
1098 2252 1179 2265 -
1227 2216 1443 2279 Nolite
1481 2239 1723 2279 errare.
1760 2217 1783 2303 ]
1816 2218 2010 2296 Quasi
2051 2219 2317 2286 diceret:
2356 2225 2408 2286 si

410 2317 690 2384 dixeritis
713 2338 829 2382 vos
849 2338 970 2380 non
1000 2316 1222 2380 habere
1252 2317 1421 2400 quod
1448 2317 1833 2400 praedicatori
1863 2318 2145 2383 tribuatis
2167 2372 2180 2395 ‚
2208 2321 2407 2387 homi-

408 2441 552 2484 nem
575 2418 826 2503 quidem
849 2417 1109 2502 potestis
1131 2416 1364 2490 fallere,
1393 2419 1597 2482 Deum
1617 2417 1722 2501 qui
1741 2419 2114 2483 occultorum
2134 2421 2407 2506 cognitor

413 2526 544 2595 est,
574 2540 694 2582 non
732 2517 989 2602 potestis
1016 2517 1268 2582 irridere
1287 2570 1300 2593 ,
1330 2518 1396 2580 id
1421 2525 1548 2593 est,
1583 2518 1885 2603 decipere.
1939 2554 2028 2568 —
2074 2519 2250 2582 Deus
2280 2543 2403 2583 non

412 2618 729 2681 imdetur.
759 2616 977 2704 ]Tunc
1018 2618 1194 2701 quasi
1233 2618 1580 2682 irrideretur
1599 2669 1612 2693 ,
1648 2619 1699 2682 si
1731 2619 1816 2682 illi
1846 2619 1949 2703 qui
1977 2641 2097 2682 non
2125 2621 2404 2686 laborant

410 2720 474 2784 in
502 2718 717 2792 vinea‚'
738 2715 1050 2780 denarium
1068 2716 1435 2799 acciperent.
1492 2753 1572 2766 —
1630 2717 1790 2803 Quoe
1813 2726 1976 2781 enim
2002 2728 2404 2784 seminaverit

411 2820 618 2883 bomo.
651 2817 677 2906 ]
705 2818 1001 2888 Debetis.
1045 2816 1275 2901 inquit,
1319 2817 1847 2900 praedicatoribuS,
1891 2830 1955 2883 et
2003 2822 2296 2904 proximis
2337 2830 2401 2886 et

410 2926 618 2984 vestra
644 2916 1089 2983 communicare
1116 2936 1298 2979 :nam
1323 2916 1485 3000 quod
1516 2917 1917 2994 seminabitiS,
1948 2920 2230 2983 metetis:
2261 2941 2396 2984 om-

409 3019 503 3084 nis
522 3019 687 3084 enim
712 3017 896 3081 homo
923 3016 1039 3080 hoc
1079 3015 1242 3100 quod
1283 3014 1676 3080 seminaverit
1697 3068 1710 3092 ,
1742 3024 1933 3081 metet
1963 3040 1975 3080 1
2015 3017 2158 3101 quia
2196 3026 2259 3083 et
2296 3019 2397 3083 ille

360 3106 369 3114 ⁶
409 3119 512 3203 qui
534 3117 800 3182 seminat
829 3115 892 3178 in
920 3135 1100 3179 carne
1129 3113 1453 3178 carnaliter
1481 3116 1820 3198 operando;
1854 3124 1917 3180 et
1945 3116 2045 3179 ille
2074 3117 2178 3200 qui
2206 3118 2394 3180 semi-

408 3225 519 3283 nat
555 3216 622 3280 in
671 3215 886 3300 spiritu
927 3214 1322 3300 spiritualiter
1362 3215 1703 3298 operando;
1747 3215 1864 3278 iste
1910 3215 2155 3298 quidem
2201 3215 2395 3278 vitam

408 3325 723 3393 aeternam,
755 3316 857 3380 ille
881 3301 1035 3379 vero*
1064 3314 1530 3398 corruptionem.
1590 3349 1671 3363 ——
1728 3311 2041 3397 Quoniam
2069 3321 2178 3398 qui
2202 3322 2393 3375 semi-

408 3434 542 3489 nat.
575 3419 599 3507 ]
627 3419 828 3484 Omne
857 3416 1025 3501 quod
1053 3415 1406 3491 seminatur,
1442 3421 1549 3478 aut
1576 3414 1639 3477 in
1669 3433 1887 3512 carne„
1910 3420 2017 3476 aut
2045 3413 2106 3474 in
2136 3413 2384 3496 spiritu:

406 3521 537 3587 hoec
576 3526 783 3584 autem
821 3517 1026 3580 omnia
1070 3521 1394 3579 metentur.
1452 3550 1532 3562 -
1581 3513 1663 3576 In
1701 3534 1914 3574 carne.
1948 3511 1971 3598 ]
2010 3512 2083 3576 Id
2123 3520 2247 3588 est,
2288 3516 2393 3598 qui

404 3620 553 3688 facit
580 3621 716 3706 ipsa
746 3616 1012 3684 carnalia
1041 3636 1252 3700 opera,
1279 3614 1528 3678 habebit
1558 3613 1928 3698 gehennam3
1960 3633 2094 3696 quae
2127 3621 2221 3677 est
2249 3636 2391 3700 per-

407 3732 598 3808 petua
611 3743 700 3787 co·
718 3719 943 3805 ruptiO.
972 3754 1053 3767 —
1093 3716 1478 3803 Quicumque
1491 3723 1656 3778 enim
1680 3713 1949 3777 voluerit
1954 3713 2241 3801 placere,
2266 3730 2384 3781 etc.

406 3824 790 3907 Praeceptum
819 3828 916 3884 est
943 3819 1004 3881 in
1032 3815 1362 3881 Rhetorica
1381 3869 1394 3892 ,
1430 3824 1501 3880 ut
1539 3837 1678 3880 cum
1720 3814 1937 3898 aliquis
1970 3816 2103 3879 vult
2140 3837 2385 3899 persua-

407 3922 551 3985 dere
576 3918 828 4002 aliquid,
848 3918 910 3980 in
940 3913 1233 4000 principio
1257 3920 1318 3977 et
1348 3914 1410 3976 in
1440 3915 1558 3976 fine
1591 3912 1961 3976 mentionem
1990 3911 2195 3987 faciat.
2227 3918 2392 3998 quod

405 4019 553 4086 facit
573 4018 914 4103 Apostolus
931 4016 1137 4080 dicens
1157 4035 1172 4076 t
1200 4013 1388 4077 nolite
1408 4011 1606 4077 facere
1628 4014 1789 4097 quod
1810 4013 1985 4075 vobis
2004 4015 2235 4097 pseudo
2258 4037 2394 4080 sua-

408 4123 588 4196 dent,
628 4119 689 4182 id
728 4125 823 4182 est
841 4169 854 4194 ,
891 4113 1263 4188 circumcidi;
1296 4113 1441 4197 quia
1468 4120 1719 4198 propter
1748 4112 1864 4176 hoc
1892 4111 2120 4177 faciunt
2151 4120 2221 4177 ut
2257 4115 2390 4198 pla-

404 4228 586 4288 ceant
611 4218 842 4284 Judaeis
862 4217 923 4280 in
957 4235 1137 4280 carne
1163 4221 1372 4278 vestra
1398 4220 1679 4277 truncata
1700 4264 1713 4287 ,
1743 4218 1807 4275 et
1827 4233 1947 4275 non
1977 4214 2288 4296 patiantur
2313 4218 2391 4280 ab

405 4323 494 4388 eis
509 4319 992 4408 persecutionem
1005 4316 1068 4379 in
1085 4314 1510 4401 praedicatione
1526 4313 1740 4377 crucis.
1764 4314 1850 4377 Et
1871 4318 1967 4377 est
1985 4315 2392 4378 convertenda

402 4420 742 4508 propoffitio
761 4419 890 4484 ita:
927 4415 1308 4498 Quicumque
1334 4414 1549 4478 volunt
1574 4433 1688 4476 vos
1716 4411 2058 4476 circumcidi
2078 4463 2091 4488 ,
2125 4412 2265 4476 ideo
2293 4412 2388 4478 fa-

404 4524 573 4588 ciunt
601 4528 879 4596 tantum,
913 4526 984 4582 ut
1011 4516 1204 4581 crucis
1233 4513 1462 4578 Christi
1482 4513 1967 4596 persecutionem
1996 4533 2116 4574 non
2148 4512 2389 4594 patian-

2145 4618 2175 4664 7
