3184 5442
291 716 357 776 nun
672 733 700 771 n.
730 729 903 771 rauranum

292 872 508 955 indulgentiam
521 871 550 931 in
561 891 616 931 nos
629 868 835 952 peccantibus,
848 879 881 930 ut
893 868 1001 930 dieitur
1015 890 1022 928 :
1042 900 1054 920 u
1070 867 1104 931 Si
1116 869 1290 933 dimiseritis

291 971 475 1044 hominihus,
500 978 531 1031 et
549 969 642 1032 Pater
662 988 749 1029 meus
770 966 906 1028 dimittet
921 966 1031 1029 vohisn
1054 991 1060 1039 ;
1076 968 1222 1048 septimo,
1238 991 1289 1051 per

290 1071 446 1134 maritatis
462 1089 564 1151 opera,
579 1077 613 1129 ut
622 1067 751 1129 dicitur:
770 1097 780 1118 ιι
800 1066 942 1129 Charitas
955 1066 1052 1148 operit
1064 1067 1287 1131 multitudinem

291 1180 493 1252 peccatomm.
518 1198 530 1219 ν

335 1272 376 1333 D.
403 1269 484 1347 Quid
498 1268 582 1330 valet
600 1266 766 1329 confessiot
787 1301 830 1313 -
849 1267 893 1327 M.
914 1265 1070 1342 Quantum
1088 1267 1283 1350 Baptismus;

291 1368 460 1432 sicutenim
472 1367 501 1428 in
520 1366 681 1448 Baptismo
694 1365 868 1448 originalia,
885 1365 930 1427 ita
940 1365 970 1426 in
981 1365 1180 1430 Confessione
1189 1370 1287 1432 remit-

292 1477 396 1532 tuntur
411 1473 536 1550 peccata
552 1465 694 1528 actualia.
1191 1516 1195 1521 .

335 1569 377 1630 D.
403 1568 461 1631 Est
477 1566 569 1629 etiam
585 1564 745 1645 iudiciuml
772 1600 810 1611 -
834 1565 877 1626 M.
902 1566 972 1627 Duo
988 1572 1059 1627 sunt
1070 1566 1188 1651 judicia
1203 1568 1259 1630 Dei
1276 1593 1281 1628 :

291 1689 385 1731 unum
398 1667 445 1729 hic
456 1687 511 1748 per
522 1662 755 1733 confessionem;
774 1663 858 1724 aliud
873 1665 903 1725 in
918 1664 1025 1727 ultimo
1039 1666 1088 1727 die
1102 1687 1159 1747 per
1171 1669 1284 1730 exami-

293 1768 445 1830 nationem
461 1790 468 1838 ;
483 1767 514 1827 in
527 1786 587 1848 quo
601 1763 667 1846 ipse
680 1763 766 1825 Deus
777 1764 873 1846 judex
885 1764 953 1837 erit,
968 1764 1107 1827 diabolus
1117 1778 1283 1841 accusator,

293 1870 384 1931 homo
401 1889 479 1930 reus.
496 1867 529 1929 ln
545 1866 604 1927 isto
620 1885 692 1926 vero
707 1863 868 1938 Sacerdos,
886 1865 1001 1928 Christi
1013 1865 1154 1941 vicarius,
1170 1866 1283 1952 judex}

294 1970 384 2032 homo
400 1976 431 2031 et
447 1975 603 2031 accusator
617 1974 648 2028 et
667 1985 755 2036 reus;
774 1965 955 2047 poenitentia
974 1972 1021 2027 est
1042 1967 1204 2031 sententia.
1228 1970 1286 2047 Qui

295 2070 344 2132 hic
358 2069 521 2154 judicatur,
538 2087 597 2127 non
611 2065 652 2126 ibi
668 2072 838 2137 accusatur,
859 2074 893 2127 ut
907 2064 1038 2127 dicitur:
1058 2097 1070 2116 u
1090 2066 1164 2129 Non
1171 2068 1287 2152 judicat

295 2171 380 2231 Dens
390 2168 438 2230 bis
452 2168 483 2229 in
498 2167 627 2249 idipsum
643 2197 654 2218 n
669 2189 676 2237 ;
691 2174 723 2227 et
738 2163 826 2226 alibi:
851 2197 862 2216 ι·
873 2166 907 2228 Si
926 2186 981 2227 nos
999 2166 1215 2249 judicaremus,
1228 2190 1285 2230 non

294 2269 399 2349 utique
410 2267 625 2352 judicaremur.
648 2298 659 2316 n
1295 2282 1298 2289 ·

338 2367 380 2428 D.
406 2365 497 2427 Valet
508 2365 702 2447 eleemosyna
715 2365 762 2425 vel
776 2362 968 2446 poenitentia,
991 2364 1017 2424 si
1036 2385 1097 2425 non
1111 2366 1287 2429 deserantur

293 2462 433 2545 peccata'l
458 2498 498 2508 -
522 2463 569 2524 M.
591 2462 677 2524 Sicut
692 2462 794 2522 omnia
813 2461 1034 2525 medicamenta
1049 2485 1110 2525 non
1126 2464 1232 2528 valent
1249 2467 1286 2527 ad

293 2561 462 2624 sanandum
479 2560 596 2633 vulnus
612 2559 758 2643 quamdiu
769 2559 882 2623 sermm
897 2560 986 2623 fuerit
998 2563 1135 2637 infixum,
1154 2564 1213 2626 nisi
1228 2564 1285 2629 ler-

294 2682 360 2724 rum
378 2660 554 2724 extrahatur
570 2660 636 2722 :ita
654 2660 756 2723 omnia
775 2660 935 2723 benefacta
952 2683 1012 2724 non
1031 2664 1208 2744 proderunt,
1229 2665 1283 2727 nisi

293 2768 451 2844 peccatum
475 2760 673 2842 relinquatur,
695 2767 730 2822 ut
746 2759 856 2822 dicitur
879 2784 883 2820 :
910 2792 922 2811 ..
941 2761 1001 2837 Qui
1019 2759 1092 2825 lacit
1111 2774 1282 2845 peccatum,

294 2883 399 2948 servus
414 2874 461 2925 est
471 2860 614 2944 peccati„
635 2883 641 2933 ;
657 2867 689 2922 et
700 2881 790 2922 nemo
802 2868 904 2941 potest
915 2859 1047 2923 alienum
1057 2883 1180 2926 servum
1192 2862 1285 2927 facere

295 2961 431 3024 liberum.

338 3062 380 3123 D.
393 3061 563 3124 Prodemnt
572 3058 730 3122 benefacta
743 3058 850 3121 malisl
864 3096 903 3107 -
917 3060 963 3122 M.
978 3059 1039 3123 Pro
1051 3063 1192 3126 omnibus
1203 3063 1286 3126 bonis

294 3183 362 3244 quae
377 3159 523 3232 fecerunt,
542 3159 687 3241 recipient
703 3158 840 3221 homines
850 3159 1090 3236 retributionem,
1109 3163 1175 3227 sive
1187 3163 1218 3224 in
1234 3164 1286 3226 hac

294 3263 370 3336 vita,
385 3261 491 3324 sivein
507 3259 618 3322 lutura.
631 3257 667 3320 In
681 3258 737 3321 hac
751 3257 825 3331 vita,
844 3267 878 3319 ut
890 3257 998 3321 dicitur
1014 3259 1052 3321 de
1066 3260 1181 3324 divite:
1200 3293 1212 3314 u
1230 3263 1287 3325 Re

295 3362 401 3445 cepisti
413 3364 491 3423 bona
505 3361 535 3421 in
545 3359 611 3421 vita
621 3367 685 3421 tua.
700 3390 712 3412 n
729 3357 764 3420 In
776 3356 878 3420 futura
889 3378 972 3431 vero,
987 3365 1023 3421 ut
1033 3359 1143 3423 dicitur
1159 3386 1164 3423 :
1186 3393 1199 3414 u
1213 3361 1287 3425 Cen-

294 3461 412 3543 tuplum
432 3459 598 3541 accipietis.
624 3491 636 3511 ’ν
657 3459 741 3522 Itae
764 3465 869 3520 contra
890 3457 927 3519 de
950 3459 1089 3522 omnibus
1110 3461 1201 3524 malis
1222 3481 1288 3545 qua

294 3559 399 3622 feeerit
413 3558 503 3620 homo
517 3558 669 3638 punietur,
689 3557 787 3621 autin
804 3558 859 3620 hoc
875 3557 995 3637 saeculo,
1011 3559 1107 3621 autin
1123 3558 1238 3635 futuro,
1256 3572 1288 3624 ut

294 3657 426 3720 dicitur:

387 3829 454 3873 Ante
465 3824 512 3872 Dei
523 3822 622 3871 vultum
635 3824 701 3872 nihil
719 3841 832 3889 unquam
845 3826 934 3874 transit
947 3825 1066 3874 inultum.

296 3974 392 4058 Igitur
408 3978 462 4034 aut
477 3971 543 4053 ipse
560 3969 649 4031 homo
667 3973 753 4051 punit
773 3974 959 4055 poenitendo,
980 3983 1033 4038 aut
1050 3975 1137 4038 Deus
1157 3976 1289 4039 vindicat

298 4072 458 4158 puniendo.
