3184 5442
551 731 762 772 Eni'cronnu'm
786 732 856 772 sn'n
879 716 1034 774 ninioous.
1223 716 1288 777 273

294 874 341 935 cia
353 895 360 944 ;
373 873 427 935 sed
436 872 481 934 ita
496 872 523 934 ei
536 873 725 948 coadunitur,
738 881 773 937 ut
786 874 928 956 quicquid
942 874 1039 957 egerit
1051 875 1166 950 anima,
1182 898 1291 959 corpus

293 972 386 1036 etiam
398 972 505 1035 fecisse
520 973 648 1047 dicatur,
663 984 695 1037 et
710 974 777 1036 ideo
788 976 872 1059 juste
887 994 956 1037 curn
972 995 1009 1035 ea
1023 976 1194 1040 damnatur.

339 1074 380 1136 D.
408 1073 492 1151 Quot
516 1073 626 1135 animae
650 1074 829 1156 pervenient
855 1075 894 1136 ad
918 1074 1048 1136 coeluml
1069 1112 1113 1122 —·
1137 1077 1183 1139 M.
1209 1078 1294 1154 Quot

295 1173 407 1256 Angeli
430 1173 471 1236 ibi
487 1181 716 1254 permanserunt
735 1199 740 1235 :
757 1174 833 1250 Quae
857 1173 982 1257 singulae
998 1173 1124 1256 singulis
1141 1177 1293 1240 ordinibus
1356 1205 1358 1207 ·

296 1273 485 1357 Angelorum
505 1273 744 1347 associabuntur,
760 1282 851 1355 prout
869 1275 899 1334 in
921 1270 1037 1336 meritis
1060 1277 1161 1339 aDeo
1184 1277 1294 1340 discer-

297 1381 420 1436 nuntur.

342 1683 375 1743 4.
402 1681 451 1742 De
471 1680 622 1742 malorum
644 1680 830 1742 deductione
847 1681 892 1741 orl
912 1680 1055 1765 inferos,
1078 1684 1165 1744 etde
1187 1696 1295 1769 poerrr's

298 1804 379 1867 quas
393 1781 436 1843 r'b'r‘
448 1789 614 1843 sustinent.

342 1883 383 1945 D.
410 1881 495 1945 Satis
516 1880 588 1942 mihi
607 1878 705 1943 fecisti
725 1881 763 1941 de
785 1880 851 1942 his:
871 1901 949 1944 nunc
974 1882 1022 1944 dic
1042 1883 1172 1965 qualiter
1187 1892 1296 1968 agatur

298 1982 375 2044 circa
393 1982 543 2044 malorum
559 1980 687 2043 exitum.
703 2016 741 2027 -
754 1980 800 2041 M.
816 1979 894 2043 Cum
912 1980 983 2042 mali
1001 1981 1032 2042 in
1048 1983 1192 2046 extremis
1205 1994 1292 2058 sunt,

299 2083 452 2145 daemones
464 2081 599 2143 maximo
615 2081 745 2164 strepitu
760 2080 932 2163 conglobati
946 2081 1073 2145 veniunt
1084 2091 1209 2162 aspectu
1223 2085 1296 2148 hor·

300 2183 423 2257 ribiles,
450 2181 586 2266 gestibus
612 2180 781 2250 terribileS,
810 2179 861 2261 qui
888 2179 1020 2241 animam
1047 2202 1115 2244 cum
1140 2184 1296 2265 pervalido

300 2290 452 2346 tormento
472 2281 521 2345 de.
534 2301 660 2363 corpore
685 2279 865 2352 excutiunt,
889 2288 920 2342 et
946 2281 1107 2344 crudeliter
1127 2283 1166 2345 ad
1190 2283 1298 2347 inferni

299 2382 432 2445 claustra
444 2381 635 2464 pertrahunt.

344 2481 387 2544 D.
413 2480 497 2560 Quid
512 2488 559 2543 est
573 2479 707 2542 infernus
720 2504 726 2553 ;
739 2482 786 2543 vel
802 2478 874 2543 ubil
889 2517 929 2528 -
943 2481 989 2545 M.
1006 2482 1076 2545 Duo
1088 2490 1162 2563 sunt
1171 2483 1293 2547 inferni:

301 2582 449 2665 superior,
469 2588 501 2644 et
521 2579 655 2643 inferior.
674 2581 830 2663 Superior,
853 2581 957 2644 infima
973 2603 1044 2664 pars
1063 2584 1152 2668 hujus
1172 2585 1294 2657 mundi,

302 2702 369 2763 quae
389 2682 480 2763 plena
504 2689 551 2744 est
574 2683 693 2763 poenis;
721 2702 791 2742 nam
821 2681 870 2743 hic
895 2682 1029 2745 exundat
1049 2682 1160 2744 nimius
1180 2693 1294 2756 eestuS,

302 2801 447 2866 magnum
467 2779 581 2866 frigus,
601 2782 717 2855 samm,
742 2781 827 2854 sitis,
853 2781 928 2842 varii
955 2782 1073 2843 dolores
1092 2783 1241 2865 corporiS,
1268 2793 1299 2846 et

302 2882 429 2943 verbera
451 2881 564 2955 animi,
583 2889 617 2944 ut
641 2881 731 2943 timor
749 2890 781 2943 et
805 2880 999 2944 verecundia.
1018 2881 1066 2943 De
1086 2880 1142 2942 hoc
1171 2880 1296 2945 dicitur:

308 3012 321 3033 u
329 2981 416 3044 Educ
425 2982 463 3044 de
475 3002 594 3044 carcere
607 3013 618 3034 ιι
629 2982 702 3055 ,hoc
712 2989 770 3059 est,
781 2982 818 3043 de
826 2981 942 3043 inferno
955 3014 967 3032 u
978 2981 1111 3043 animam
1117 3002 1216 3043 meam
1228 3014 1256 3058 v,
1268 2983 1300 3044 id

302 3088 362 3157 est,
372 3081 467 3144 vitam
479 3102 590 3144 meam.
606 3080 732 3144 Inferior
741 3100 814 3143 vero
828 3088 875 3143 est
883 3083 966 3143 locus
975 3079 1151 3162 spiritualis
1164 3080 1215 3142 ubi
1222 3082 1301 3165 ignis

303 3180 561 3266 inextinguibile,
575 3183 612 3244 de
628 3203 688 3264 quo
697 3181 827 3245 dicitur:
848 3211 860 3232 ιι
874 3180 989 3243 Eruisti
999 3180 1132 3242 animam
1147 3202 1247 3242 meam
1261 3183 1300 3244 de

303 3280 419 3345 inferno
431 3280 576 3345 inferiori.
587 3306 608 3334 ’ν’
621 3282 682 3359 Qui
689 3284 744 3344 sub
757 3289 839 3345 terra
848 3281 956 3345 dicitur
964 3302 1042 3354 esse,
1050 3281 1302 3364 utsicutcorpora

305 3383 494 3464 peccantium
517 3391 599 3446 terra
613 3384 839 3467 cooperiuntur,
854 3383 897 3446 ita
910 3382 1018 3446 animae
1038 3381 1226 3464 peccantium
1245 3383 1301 3443 sub

305 3491 386 3544 terra
400 3482 430 3544 in
442 3481 560 3546 inlerno
570 3483 755 3566 sepeliuntur
763 3507 770 3556 ;
783 3490 819 3545 ut
833 3484 871 3545 de
884 3482 978 3544 divite
992 3480 1115 3545 dicitur:
1134 3512 1146 3532 u
1158 3481 1302 3564 Sepultus

306 3588 354 3643 est
369 3581 399 3643 in
410 3580 564 3645 inferno„
581 3585 616 3647 In
633 3604 693 3665 quo
707 3604 818 3646 novem
831 3582 948 3665 specics
959 3603 1056 3664 poenae
1067 3603 1134 3644 esse
1149 3582 1299 3666 leguntur.

352 3681 392 3743 D.
418 3684 494 3761 Quae
514 3692 585 3747 sunt
610 3683 687 3746 illael
701 3683 800 3746 —M.
826 3682 930 3744 Prima
950 3681 1047 3766 igniS,
1073 3682 1124 3764 qui
1145 3685 1187 3744 sic
1209 3683 1302 3744 semel

305 3801 452 3845 accensus
467 3791 534 3857 est,
553 3792 588 3846 ut
602 3785 628 3846 si
644 3792 743 3847 totum
758 3803 843 3845 mare
857 3779 1015 3859 influeret,
1031 3804 1091 3844 non
1110 3782 1303 3865 extinguere-

306 3889 367 3943 tur.
386 3882 479 3966 Cujus
492 3883 582 3946 ardor
596 3882 640 3946 sic
650 3883 741 3946 istum
757 3882 945 3946 materialem
958 3882 1051 3946 vincit
1067 3882 1185 3966 ignem,
1199 3891 1234 3946 ut
1245 3884 1304 3946 istc

306 3980 419 4062 pictum
430 3982 533 4065 ignem
546 4004 552 4055 ;
569 3984 670 4056 ardet,
686 3990 718 4045 et
732 4003 791 4043 non
804 3981 896 4045 lucet.
909 3982 1050 4044 Secunda
1063 4002 1153 4063 poena
1165 3990 1212 4045 est
1223 3983 1304 4045 into·

308 4080 429 4144 lerabile
450 4082 565 4167 frigus,
579 4084 617 4145 de
631 4104 692 4166 quo
710 4082 839 4145 dicitur:
863 4112 874 4134 a
888 4081 922 4145 Si
934 4081 1041 4164 igneus
1054 4103 1141 4144 mons
1155 4082 1303 4145 immitte-

308 4189 401 4255 retur,
411 4181 442 4243 in
456 4182 583 4261 glaciem
599 4190 804 4245 verteretur.»
820 4183 869 4244 De
887 4182 934 4243 his
945 4183 1062 4244 duabus
1075 4182 1203 4245 dicitur:
1219 4213 1230 4232 u
1240 4182 1304 4244 Illic

307 4281 366 4344 erit
381 4279 472 4345 ssetus
485 4290 516 4345 et
530 4282 641 4345 stridor
654 4282 788 4344 dentium
804 4314 815 4333 ι·
833 4333 837 4354 ,
858 4280 928 4362 quia
954 4280 1054 4342 sumus
1070 4280 1184 4342 excitat
1200 4278 1305 4343 fletum

1168 4387 1197 4431 re
