3184 5442
373 695 436 758 160
755 712 783 752 u.
812 711 985 753 marimum

370 850 542 937 confugium
554 848 638 914 lacis.
654 849 697 912 Et
708 849 833 932 quidem
847 850 886 911 de
899 849 1045 934 mysterio
1060 851 1130 914 fidei
1145 853 1317 930 auditurus
1335 877 1375 925 ac

371 970 569 1034 responsurus
583 969 651 1032 quae
666 949 706 1011 ad
721 969 785 1011 rem
798 949 931 1012 debeant
946 949 1098 1032 pertinere
1113 952 1235 1015 mallem
1250 955 1369 1032 audire,

371 1073 407 1115 ac
424 1050 605 1133 respondere
623 1070 726 1112 sacras
742 1049 956 1126 auctoritates
976 1071 1069 1132 quam
1087 1051 1262 1135 dialecticas
1275 1055 1373 1119 ratio-

371 1173 435 1214 nes.
448 1152 563 1214 Verum
574 1158 680 1213 contra
691 1149 755 1212 haec
767 1171 888 1233 quoque
896 1151 993 1214 nostri
1004 1151 1061 1214 erit
1071 1153 1163 1216 studii
1173 1158 1370 1239 respondere,

370 1272 411 1314 ne
430 1250 524 1335 ipsius
542 1250 616 1313 artis
630 1249 733 1332 inopia
754 1272 803 1314 me
823 1258 912 1332 putes
932 1250 962 1313 in
981 1251 1040 1316 hac
1058 1253 1115 1317 tibi
1135 1264 1223 1337 parte
1239 1257 1370 1322 deesse:

370 1351 499 1416 fortasse
522 1350 672 1436 jactantia
700 1350 882 1433 quibusdam
908 1351 1081 1429 videbitur,
1115 1363 1148 1418 et
1173 1358 1374 1423 ostentationi

371 1452 469 1536 magis
483 1473 576 1534 quarn
594 1450 768 1514 necessitati
781 1451 987 1535 deputabitur.
1016 1451 1079 1516 Sed
1094 1454 1182 1518 testis
1197 1455 1270 1519 mihi
1285 1458 1374 1522 Deus

371 1560 464 1617 estet
478 1550 663 1616 conscientia
677 1572 763 1626 mea,
786 1551 857 1633 quia
868 1551 899 1613 in
912 1558 1046 1617 tractatu
1061 1553 1231 1618 divinarum
1248 1555 1371 1621 littera-

371 1676 456 1731 rum,
479 1674 536 1717 nec
553 1673 737 1737 proponere,
755 1674 812 1716 nco
833 1653 873 1716 ad
888 1653 1060 1738 propositas
1073 1658 1255 1738 respondere
1273 1679 1371 1742 cupe-

371 1775 436 1817 rem
463 1753 635 1817 dialecticas
661 1750 863 1835 quaestioneS,
891 1752 940 1815 vel
968 1773 1072 1815 earum
1099 1754 1272 1819 solutiones
1301 1760 1373 1822 Etsi

373 1855 492 1937 quando
511 1853 637 1917 materia
655 1852 830 1937 disputandi
844 1851 916 1916 talis
934 1858 994 1926 est,
1012 1861 1046 1916 ut
1061 1853 1151 1936 hujus
1169 1855 1244 1918 artis
1259 1859 1373 1941 regulis

372 1954 474 2018 valeat
485 1953 669 2017 enucleatius
682 1953 836 2037 explicari,
856 1952 887 2014 in
901 1961 1048 2036 quantum
1060 1976 1184 2037 possum
1201 1976 1256 2038 per
1272 1957 1371 2041 aequi-

371 2054 532 2136 pollentius
560 2054 799 2138 propositionum
825 2061 897 2137 tego
925 2060 1044 2126 artem,
1075 2075 1114 2117 ne
1140 2054 1246 2118 videar
1270 2057 1373 2142 magis

371 2162 457 2229 arte,
485 2176 577 2237 quam
603 2154 751 2226 veritate,
778 2162 1013 2236 sanctorumque
1031 2154 1159 2218 Patmm
1186 2156 1371 2221 auctoritate

371 2255 533 2318 confidere.

416 2353 566 2431 Quamvis
581 2354 691 2415 beatus
701 2352 896 2438 Augustinus
911 2355 941 2416 in
961 2356 1143 2438 quibusdam
1158 2355 1221 2418 suis
1231 2356 1367 2440 scriptis,

371 2463 402 2518 et
424 2453 556 2516 maxime
577 2452 608 2513 in
625 2452 703 2515 libro
721 2453 759 2515 de
775 2453 925 2517 Doctrina
945 2454 1120 2532 christiana,
1138 2455 1371 2541 hanc-discipli-

370 2576 442 2618 nam
457 2552 643 2635 amplissime
653 2552 771 2629 laudet,
794 2561 826 2617 et
844 2555 884 2617 ad
903 2557 1006 2619 omnia
1025 2578 1093 2640 quae
1104 2557 1134 2620 in
1151 2557 1246 2621 sacris
1258 2557 1370 2623 litteris

370 2654 570 2738 vestigantur,
588 2653 753 2738 plurimum
764 2656 866 2719 valere
878 2658 1045 2722 confirmet.
1364 2716 1368 2720 ,

414 2754 555 2838 Denique
568 2761 672 2818 contra
685 2755 873 2819 Felicianum
889 2757 1066 2821 haereticum
1079 2757 1230 2821 Arianum
1245 2766 1369 2822 conten-

370 2859 460 2931 dem,
484 2856 529 2918 ita
549 2855 606 2918 hac
620 2861 686 2918 arte
709 2877 779 2919 eum
802 2857 966 2921 conclusit:
984 2870 1019 2922 ut
1041 2858 1107 2940 ipse
1129 2857 1288 2923 haereticus
1306 2880 1368 2922 non

370 2959 475 3022 valens
489 2956 566 3019 ferre
585 2956 736 3033 locorum,
758 2978 794 3020 ac
809 2957 1053 3043 syllogismorum
1069 2957 1249 3040 implicitas,
1274 2965 1368 3043 atque

369 3059 560 3144 implicantes
571 3057 791 3132 connexiones,
811 3057 931 3142 publica
949 3079 1024 3122 voce
1043 3059 1231 3122 exclamaret
1242 3059 1364 3123 dicens:

374 3191 386 3212 ιι
405 3157 602 3223 Aristotelica
613 3178 733 3219 mecum
745 3157 912 3221 subtilitate
924 3156 1092 3232 contendis
1107 3165 1139 3220 et
1154 3157 1256 3220 omnia
1267 3179 1336 3241 quae
1348 3181 1368 3224 a

368 3281 418 3322 me
430 3260 586 3331 dicuntur,
606 3257 749 3321 torrentis
762 3278 848 3320 more
862 3252 1045 3342 praecipitas¹
1066 3288 1079 3311 n
1106 3257 1205 3342 Igitur
1225 3258 1367 3341 superius

369 3360 473 3422 volens
492 3365 627 3421 astruere
645 3377 755 3438 panem
773 3357 940 3439 vinumque
956 3356 1062 3420 altaris
1080 3355 1160 3420 inter
1181 3360 1365 3422 sacrandum

369 3457 570 3523 essentialiter
584 3477 644 3518 non
660 3456 772 3519 mutari
787 3508 793 3530 ‚
813 3458 874 3519 duo
895 3457 1035 3540 quaedam
1050 3478 1105 3540 pro
1117 3466 1366 3542 argumentorum

368 3559 442 3623 locis
456 3555 671 3640 assumpsisti:
689 3577 818 3638 quorum
835 3579 930 3619 unum
948 3560 1159 3622 tantummodo
1174 3580 1242 3622 esse
1256 3567 1362 3637 tuum,

368 3659 497 3723 alterum
513 3656 625 3719 nullius
640 3655 797 3720 hominum
813 3656 982 3721 manifestis
996 3659 1165 3722 rationibus
1179 3661 1361 3743 approbavi.

367 3761 403 3823 In
422 3781 482 3843 qua
497 3779 530 3821 re
543 3777 654 3838 magno
669 3755 744 3819 vitio
759 3777 823 3819 rem
839 3758 1017 3840 praedictam
1029 3759 1166 3824 effecisti.
1180 3762 1264 3825 Nam
1280 3763 1365 3844 quod

366 3869 452 3925 tuum
467 3865 543 3933 erat,
559 3855 686 3940 quaestio
698 3863 775 3919 erat.
789 3858 841 3918 Ex
853 3878 889 3920 eo
901 3858 1013 3942 quippe
1025 3861 1201 3944 quaerimus
1215 3861 1248 3924 id
1261 3861 1378 3945 oppri·.

365 3981 463 4035 mere,
481 3966 574 4042 atque
589 3963 725 4019 evertere
741 3955 875 4019 omnium
890 3956 1139 4043 argumentorum
1153 3961 1249 4038 mole,
1268 3968 1363 4045 atque

365 4060 497 4144 impulsu
513 4056 693 4141 satagimus.
707 4057 804 4119 Porro
821 4056 904 4120 nulla
919 4059 1047 4141 quaestio
1061 4062 1147 4126 locus
1160 4082 1228 4125 esse
1246 4062 1363 4144 poterit

365 4157 546 4244 argumenti.
566 4154 750 4249 Argumenti
768 4155 882 4239 quippe
898 4158 997 4221 locum
1018 4181 1142 4224 necesse
1158 4168 1221 4237 est,
1237 4169 1291 4225 aut
1305 4182 1361 4245 per

366 4282 399 4323 se
411 4282 477 4324 esse
487 4264 676 4332 certum‚.aut
686 4254 776 4319 certis
788 4255 955 4322 rationibus
964 4261 1175 4342 approbatum.
1188 4263 1276 4341 Quod
1288 4282 1362 4346 ergo
