3184 5442
489 677 606 719 ocosse
629 675 663 718 ru
687 676 734 716 nr.
761 675 803 717 no
825 675 925 716 conos.
1144 655 1205 718 111

212 844 249 886 eo
259 829 330 888 sunt
340 826 456 885 creata.
485 855 525 868 -
552 820 782 907 Primogenitas
794 843 836 883 ea
850 826 990 883 mortuis.
1004 818 1016 905 ]
1030 819 1066 883 ld
1079 831 1139 893 est,
1150 821 1210 904 pri-

212 943 282 986 mus
292 941 469 1005 resurgens,
482 919 554 1003 quia
563 923 631 1004 ipsa
639 920 820 984 resurreetio
828 921 968 1004 quaedam
978 919 1134 1004 generatio
1142 928 1208 993 est;

213 1022 292 1087 siout
305 1021 337 1084 in
350 1019 522 1104 Evangelio
535 1041 543 1083 ε
555 1020 595 1082 ln
605 1027 845 1107 regeneratione
865 1043 935 1082 cum
945 1018 1074 1097 sederit,
1087 1032 1147 1082 eto.
1169 1056 1208 1069 -
1266 1100 1270 1107 1

218 1120 416 1206 Compdzeait
427 1127 461 1182 in
475 1128 557 1206 ipso.
574 1119 585 1206 ]
601 1120 794 1204 complacuit
804 1119 863 1184 sibi
875 1120 980 1195 Pater,
995 1119 1073 1182 utin
1090 1119 1213 1184 Christo

215 1221 369 1285 habitaret
382 1219 481 1283 omnis
499 1219 656 1302 plenitudo
676 1228 741 1283 tam
762 1219 948 1292 divinitatis
964 1239 1057 1302 quam
1078 1216 1213 1283 omnium

215 1321 375 1385 virtutum.
404 1355 445 1369 -
469 1318 535 1381 Per
552 1324 741 1405 sangninem
760 1318 978 1404 anteileua
996 1319 1072 1382 hora
1090 1319 1215 1404 sanguis

218 1420 436 1504 redemptionis
449 1419 489 1483 de
506 1419 604 1482 latere
620 1417 746 1482 Domini
760 1419 792 1481 in
816 1439 904 1482 cruce
922 1417 1084 1502 pendentis
1104 1420 1212 1494 exivit,

219 1519 378 1585 dimissum
392 1526 439 1582 est
453 1525 613 1602 peccatum
626 1517 705 1581 Adae
718 1517 852 1580 humano
872 1517 988 1602 generi,
1005 1524 1038 1581 et
1057 1518 1217 1601 pacificata

160 1690 164 1695 ,
218 1627 292 1686 sunt
312 1619 462 1692 coelestia,
488 1625 520 1682 et
540 1618 714 1691 terrestria;
739 1618 813 1701 quia
833 1625 905 1681 tunc
926 1617 1027 1701 patuit
1047 1618 1217 1682 hominibus

220 1719 363 1785 introitus
383 1720 416 1782 in
435 1740 562 1803 regnum
577 1718 732 1783 ooelorum.
761 1753 802 1767 -
826 1718 983 1781 Alienati.
997 1716 1055 1803 ]ld
1073 1726 1136 1794 est,
1157 1719 1217 1784 ha·

221 1821 330 1883 bentas
349 1819 516 1883 alienatum
538 1826 570 1883 et
591 1819 747 1883 inimicum
760 1839 954 1882 consensum.
982 1853 1023 1865 -
1050 1817 1118 1902 Qui
1134 1840 1219 1881 nuno

221 1919 385 2008 gaudeo]
399 1919 523 2002 Duplici
547 1941 641 1984 causa
662 1919 857 1984 commendat
876 1938 927 1998 se,
945 1918 1017 2002 quia
1038 1919 1173 2003 patitur,
1187 1927 1221 1984 et

224 2021 338 2106 gaudet
348 2019 380 2083 in
393 2020 584 2104 passionibus
599 2041 654 2103 pro
668 2019 713 2082 eis
723 2018 828 2083 illatis
854 2054 898 2066 -
922 2019 1055 2106 Ecqua
1069 2017 1217 2104 desunt]

224 2119 387 2186 Passiones
397 2119 512 2184 Christi
526 2118 650 2183 fuerunt
659 2120 796 2194 vincula,
812 2127 914 2203 sputa,
933 2119 1063 2203 colaphi,
1076 2122 1214 2192 verbera,
1249 2111 1251 2114 ’

226 2221 268 2285 ad
283 2229 456 2284 extremum
478 2241 562 2283 mors
575 2219 658 2304 ipsa;
674 2239 804 2303 quorum
820 2226 940 2302 partem
955 2220 1020 2304 jam
1036 2241 1070 2283 se
1084 2240 1218 2303 passum,

225 2327 346 2404 partem
358 2340 519 2403 passurum
535 2339 568 2382 se
583 2340 652 2383 esse
662 2317 787 2384 fatetur.
805 2320 950 2384 Fortasse
962 2340 999 2382 ea
1013 2340 1082 2403 quae
1099 2320 1220 2392 desunt,
1245 2366 1248 2374 ,

228 2427 319 2484 vocat
328 2419 435 2483 mortis
448 2421 617 2505 angustias,
634 2441 710 2503 quas
724 2420 824 2484 adhuc
837 2440 947 2504 passus
957 2441 1015 2484 non
1029 2429 1107 2486 erat.
1123 2422 1167 2486 Et
1177 2425 1225 2484 est

230 2517 314 2593 ordo,
330 2517 504 2603 adimplebo
516 2519 548 2581 in
564 2540 655 2583 carne
671 2541 740 2584 mea
751 2540 806 2585 eas
820 2521 991 2604 passiones.

662 2829 733 2872 CAP.
760 2830 794 2871 ll.

285 3025 363 3090 Volo
374 3032 458 3089 enim
474 3047 537 3088 oos
552 3031 648 3104 seire,
662 3022 747 3109 eta]
762 3022 856 3086 Ratio
872 3043 971 3086 curse
987 3025 1125 3088 laborare
1138 3025 1225 3088 dixe·

235 3127 287 3203 rit,
304 3125 447 3192 videlicet
457 3146 499 3189 ne
519 3125 671 3190 diceretur
685 3145 725 3187 ex
743 3121 891 3209 jactantia
911 3122 1025 3187 dixisse
1040 3122 1160 3186 labam.
1187 3159 1227 3172 -

239 3226 277 3288 In
299 3247 406 3288 omnes
426 3224 556 3289 divitias
576 3221 786 3312 plenitudinis
803 3220 990 3286 intellectus.
1006 3222 1018 3308 ]
1032 3222 1079 3287 Ut
1099 3223 1231 3288 habeant
1332 3228 1334 3233 '

237 3325 382 3402 dintem,
399 3338 431 3390 ct
453 3325 576 3410 plenum
592 3322 795 3398 intellectum,
813 3330 1031 3406 cognoscentes
1050 3323 1231 3409 mysterium

238 3425 298 3490 Dei
308 3425 420 3502 Patris,
437 3425 518 3509 quod
528 3431 576 3488 est
589 3422 730 3487 Christus
739 3423 760 3486 J
760 3443 843 3486 esus.
861 3421 922 3500 Qui
932 3421 1013 3486 enim
1026 3421 1160 3508 perfecte
1175 3422 1234 3488 scit

239 3523 406 3599 Christum,
423 3525 481 3589 scit
491 3522 567 3607 quid
580 3523 619 3586 de
634 3522 702 3601 Deo
716 3521 907 3586 sentiendum
918 3521 970 3597 sit,
982 3530 1015 3586 et
1026 3523 1189 3607 quomodo,
1202 3530 1234 3586 et

240 3622 273 3688 in
296 3625 405 3708 quibus
421 3623 587 3688 vivendum
612 3622 664 3686 sit.
691 3657 732 3671 -
756 3620 796 3683 In
816 3620 1016 3685 sublimitate.
1031 3621 1043 3709 ]
1060 3623 1097 3688 Id
1120 3629 1183 3697 est,
1202 3623 1235 3685 in

242 3721 402 3786 altitudine
412 3722 588 3794 verborum,
600 3728 633 3785 et
643 3719 903 3807 syllogismorum,
915 3727 947 3784 et
956 3721 1083 3785 aliorum
1092 3741 1237 3806 genemm

242 3819 465 3905 disputantium
478 3844 485 3884 z
497 3842 559 3884 non
579 3829 677 3884 artem
698 3819 874 3903 disputandi
897 3820 1053 3904 vituperat
1067 3842 1074 3882 :
1088 3821 1143 3884 sed
1165 3840 1238 3903 per·

243 3939 367 3984 versum
384 3920 604 4004 disputantium
619 3941 720 3985 usum.
746 3954 790 3968 -
813 3918 899 3982 Nam
908 3928 969 3982 etsi
979 3943 1110 4008 corpore
1125 3918 1240 3981 absens

245 4041 324 4083 sum.
340 4019 415 4106 ]Ac
433 4021 460 4083 si
480 4021 550 4105 quis
573 4020 655 4085 dicat
667 4041 676 4083 t
690 4020 757 4084 vult
778 4039 835 4082 nos
858 4019 969 4103 aliquis
989 4020 1147 4104 decipere;
1172 4019 1236 4082 ita:

247 4120 303 4184 scd
315 4140 383 4195 vos,
401 4120 512 4205 inquit,
524 4128 630 4185 contra
638 4120 707 4184 illos
717 4118 829 4183 firmati
840 4120 915 4183 estis
932 4119 962 4182 in
981 4121 1041 4185 fide
1054 4119 1155 4203 :quod
1166 4118 1243 4182 satis

247 4219 324 4299 scio,
335 4223 476 4304 quamvis
487 4224 608 4287 absens.
634 4257 678 4270 -
693 4217 878 4282 Secundum
903 4219 1118 4282 traditionem.
1133 4217 1144 4302 ]
1162 4219 1241 4281 Tra·
