3184 5442
294 712 360 774 246
677 733 706 771 n.
733 730 908 772 muranum

294 884 438 955 pareant;
457 882 569 938 etcum
586 897 637 938 cos
649 876 680 937 in
695 874 855 938 tormentis
867 873 1013 948 viderint,
1028 872 1067 934 de
1081 892 1139 934 sua
1149 872 1289 935 evasione

296 975 424 1056 amplius
435 975 597 1058 gaudeant.
614 975 675 1053 Qui
685 975 777 1038 etiam
788 981 913 1056 propter
924 972 1042 1057 seipsos
1048 972 1134 1057 juste
1148 978 1285 1054 pereunt,

295 1093 364 1135 cum
390 1073 503 1136 malurn
528 1081 637 1155 sponte
660 1093 716 1136 sua
740 1072 872 1156 eligunt;
903 1071 1032 1155 diligunt
1049 1078 1082 1133 et
1097 1070 1207 1136 volunt
1226 1071 1288 1133 sine

296 1175 354 1235 fine
369 1173 485 1245 vivere,
505 1182 539 1235 ut
553 1175 671 1256 possint
685 1174 750 1236 sine
765 1175 824 1235 fine
835 1191 972 1254 peccare.

341 1273 380 1334 D.
407 1272 510 1348 Quare
530 1273 681 1354 permittit
703 1273 790 1336 Deus
813 1271 925 1334 electos
948 1269 1096 1352 peccaret
1119 1305 1165 1316 —
1180 1266 1229 1333 M.
1246 1270 1288 1334 Ut

296 1370 461 1454 patefaciat
472 1371 504 1432 in
516 1372 559 1434 eis
571 1371 694 1436 divitias
709 1370 920 1435 misericordie
931 1390 1003 1431 suae.

338 1472 379 1535 D.
392 1471 557 1536 Salvantur
571 1472 795 1555 praedestinati,
814 1471 840 1534 si
851 1492 910 1533 non
922 1469 1079 1533 laboranti
1151 1470 1199 1532 M.
1212 1469 1289 1533 Prae·

294 1571 458 1634 destinatio
480 1571 582 1634 taliter
603 1573 745 1635 instituta
765 1579 829 1643 est,
856 1576 891 1632 ut
911 1569 1051 1651 precibus
1070 1569 1121 1631 vel
1139 1568 1288 1632 laboribus

296 1669 487 1744 obtineatur,
502 1680 538 1734 ut
556 1672 686 1735 dicitur:
709 1673 796 1734 uPer
815 1670 927 1732 multas
942 1668 1153 1731 tribulationes
1171 1674 1289 1750 oportet

295 1791 351 1832 nos
369 1770 482 1834 intrare
507 1772 538 1833 in
554 1792 681 1855 regnum
700 1772 793 1835 Dein
817 1769 959 1835 Parvulis
978 1769 1083 1851 itaque
1107 1788 1163 1850 per
1185 1766 1289 1830 mortis

296 1871 491 1936 acerbitatem
502 1875 515 1946 ;‘
535 1874 689 1955 provectis
713 1879 816 1935 autern
840 1879 930 1933 aetate
954 1870 1045 1931 datur
1064 1866 1288 1950 praedestinatio

296 1991 350 2052 per
361 1971 499 2034 laborum
509 1973 770 2036 exercitationem.
786 1970 867 2048 Quia
880 1991 953 2034 vero
969 1967 1117 2051 scriptum
1134 1974 1183 2030 est
1200 1989 1206 2028 :
1229 1996 1242 2017 u
1255 1967 1288 2028 In

295 2070 386 2132 domo
410 2071 511 2135 Patris
536 2073 596 2135 mei
617 2073 787 2135 mansiones
812 2072 914 2134 multae
938 2077 1020 2132 sunt.
1044 2101 1057 2120 ··
1072 2067 1289 2151 Unusquisque

292 2169 445 2233 obtinebit
470 2171 656 2234 mansionem
683 2171 848 2233 secundum
875 2169 1029 2253 proprium
1056 2168 1219 2229 laborem:
1246 2165 1288 2227 ita

297 2276 387 2350 prout
402 2270 470 2351 quis
482 2272 549 2353 plus
560 2271 757 2345 laboraverit,
770 2270 955 2355 digniorem:
970 2268 1021 2352 qui
1034 2288 1107 2331 vero
1118 2266 1220 2330 minus
1229 2265 1289 2341 ,in-

297 2367 437 2430 feriorem
460 2371 637 2450 possidebit.
655 2371 766 2433 Nullus
789 2378 893 2434 tamen
916 2371 984 2453 plus
1007 2369 1145 2431 laborare
1160 2365 1286 2450 poterit,

298 2486 389 2547 quam
402 2487 470 2528 cum
482 2467 585 2530 divina
596 2469 695 2551 gratia
703 2469 827 2554 juverit.
840 2471 907 2532 Nec
918 2469 1009 2533 aliam
1023 2467 1212 2530 mansionem
1225 2466 1290 2549 quis

298 2565 456 2627 habiturus
476 2567 549 2640 erit,
569 2588 660 2649 quam
676 2589 744 2631 eam
758 2571 799 2631 ad
814 2581 907 2657 quarn
921 2587 992 2633 ante
1008 2567 1113 2630 mundi
1134 2567 1290 2630 exordium

299 2663 517 2747 praeordinatus
539 2666 617 2730 fuit:
638 2669 709 2751 quia
734 2698 746 2719 u
762 2690 823 2730 non
837 2652 968 2732 volentis
982 2719 988 2741 ,
1002 2688 1101 2749 neque
1120 2666 1287 2739 armentis,

300 2765 355 2828 sed
367 2764 428 2828 Dei
443 2773 490 2827 est
501 2766 683 2830 miserentis.
699 2802 710 2822 ἰ
735 2769 783 2831 lta
804 2770 904 2832 nullus
919 2769 1114 2850 reproborum
1131 2766 1291 2849 quicquam

302 2867 370 2948 plus
392 2864 492 2929 facere
510 2867 675 2950 praevalet,
695 2889 785 2950 quam
805 2868 833 2930 ei
855 2867 959 2930 divina
981 2887 1108 2930 censura
1121 2866 1290 2949 permittit;

302 2985 358 3027 nec
372 2963 463 3026 aliam
480 2985 603 3046 poenam
622 2966 764 3040 habebit,
781 2987 873 3048 quam
895 2987 963 3028 eum
978 2965 1112 3028 divinum
1124 2964 1290 3050 judicium,

304 3072 375 3128 ante.
394 3063 497 3127 mundi
518 3064 637 3128 initium
658 3065 822 3128 secundum
838 3086 926 3127 suum
942 3065 1084 3128 meritum
1100 3115 1106 3139 ,
1122 3064 1294 3128 habiturum

304 3169 471 3252 praescivit;
501 3176 535 3232 ut
559 3169 662 3243 DeuS,
681 3177 847 3252 antequam
869 3171 980 3232 bonum
1004 3170 1054 3232 vel
1074 3170 1192 3232 malum
1211 3169 1294 3233 face·

306 3278 393 3345 rent,
408 3269 503 3334 dixit:
521 3299 534 3321 u
548 3269 631 3333 Esau
641 3270 712 3333 odio
726 3270 817 3332 habui
832 3321 838 3344 ‚
853 3271 950 3333 Jacob
965 3276 1067 3332 autem
1077 3269 1184 3331 dilexi.
1201 3300 1214 3322 n

349 3372 392 3434 D.
418 3371 577 3447 Quomodo
601 3378 728 3453 possunt
749 3370 904 3454 dignoscit
928 3406 968 3418 -
993 3369 1038 3432 M.
1067 3368 1128 3446 Qui
1151 3369 1184 3430 in
1209 3369 1296 3432 bonis

307 3470 422 3532 actibus
447 3489 544 3550 usque
568 3469 599 3530 in
625 3471 715 3532 linem
741 3470 1026 3553 perseveraverint,
1055 3469 1105 3531 vel
1132 3469 1186 3550 qui
1216 3469 1294 3531 mala

305 3567 419 3629 faciens
438 3587 475 3629 ea
493 3565 606 3629 deserit
619 3608 630 3640 ,·
649 3575 680 3629 et
698 3570 737 3631 ad
755 3567 965 3650 poenitentiam
985 3566 1120 3650 prosilit,
1139 3575 1171 3630 et
1189 3567 1221 3630 in
1233 3568 1296 3631 haec

305 3687 401 3748 usque
411 3666 443 3726 in
454 3667 543 3726 finem
553 3666 778 3746 perduraverit,
796 3667 845 3731 hic
859 3669 897 3730 de
911 3665 1133 3750 praedestinatis
1147 3667 1219 3729 erit.
1237 3668 1299 3746 Qui

306 3774 407 3827 autem
425 3764 456 3825 in
471 3765 559 3827 malis
574 3766 718 3847 perdurat
731 3816 737 3839 ,
751 3769 798 3830 vel
809 3769 889 3829 buna
904 3788 996 3850 agens
1006 3766 1069 3829 haec
1083 3765 1228 3847 relinquit
1241 3816 1248 3834 ,
1267 3773 1299 3828 et

307 3864 387 3925 mala
398 3871 554 3946 perpetrat
567 3916 574 3936 ,
589 3872 620 3926 et
634 3864 683 3926 his
693 3885 791 3948 usque
811 3866 843 3927 in
858 3868 948 3928 finem
962 3865 1091 3938 insistit,
1112 3865 1151 3927 de
1162 3863 1300 3948 reprobis

306 3962 419 4026 existit.
435 3963 522 4027 Sicut
530 3963 574 4026 illi
589 3963 729 4027 dicuntur
740 3966 794 4038 rei,
809 3966 861 4048 qui
875 3967 971 4029 multa
984 3965 1022 4027 de
1036 3966 1107 4028 Deo
1122 3965 1296 4038 audierunt,

307 4071 338 4124 et
348 4061 471 4142 obsequi
495 4062 673 4126 noluerunt:
689 4062 732 4125 ita
752 4064 895 4127 videntur
918 4063 1050 4136 innoxii,
1067 4063 1119 4144 qui
1143 4083 1300 4145 nunquam

307 4160 421 4242 aliquid
442 4161 480 4223 de
497 4162 565 4224 Deo
584 4161 758 4236 audierunt,
777 4171 809 4225 et
823 4163 891 4225 ideo
905 4185 966 4226 non
985 4163 1129 4225 fecerunt.
1149 4162 1301 4224 Homines

308 4268 379 4324 sunt
407 4260 451 4323 ita
476 4262 586 4335 creati,
615 4269 649 4324 ut
676 4263 854 4325 naturaliter
875 4283 929 4345 per
949 4263 1140 4326 dilectionem
1166 4262 1299 4345 proximi
