3184 5442
573 728 675 768 vnnrra
699 724 873 769 incumbes.
1152 703 1215 766 311

233 865 426 927 Innocentius
434 866 522 946 Papa
538 889 543 923 :
569 894 581 915 «ι
597 863 741 924 Latentia
751 868 877 945 peccata
887 881 946 922 non
962 861 1093 924 habeant
1106 864 1223 927 vindic-

233 974 308 1038 tam,
326 971 357 1024 et
371 963 548 1043 probatione
569 969 708 1024 cessante
727 960 869 1022 vindictae
887 959 964 1022 ratio
981 961 1184 1042 conquiescat.
1205 995 1218 1017 n

234 1065 268 1124 ln
284 1063 330 1125 his
340 1064 479 1125 omnibus
490 1063 595 1145 liquet,
611 1062 682 1144 quia
693 1082 786 1124 unum
802 1080 869 1123 cum
879 1080 990 1142 sponso
1001 1080 1056 1121 suo
1068 1069 1166 1124 mater
1177 1071 1224 1126 est

234 1162 381 1236 Ecclesia,
402 1170 434 1225 et
447 1163 583 1223 membra
597 1181 652 1224 sua
674 1182 733 1223 non
749 1159 906 1234 divisioni,
935 1160 988 1222 sed
1008 1158 1120 1223 unitati
1142 1162 1223 1244 parit

233 1260 263 1319 in
281 1261 389 1323 saecula
404 1261 592 1324 saeculorum.
605 1261 719 1324 Amen.
1298 1250 1300 1256 ’

540 1550 668 1613 VARlAE
690 1551 916 1614 LECTIONES.

275 1765 438 1832 Lanfranci
450 1763 658 1827 commentarii
665 1763 697 1824 in
708 1763 806 1825 sancti
812 1763 900 1826 Pauli
910 1766 1064 1848 Epistolas
1075 1775 1137 1830 tres
1143 1769 1222 1832 codi-

231 1888 281 1929 ces
297 1863 493 1945 manuscripti
505 1862 536 1923 in
552 1861 743 1925 Bibliotheca
759 1860 859 1945 Regia
871 1864 1035 1929 Parisiensi
1048 1876 1218 1931 servantur.

231 1964 255 2026 li
274 1971 472 2029 numerantur
486 1963 517 2024 in
533 1961 671 2046 catalogo
684 1960 788 2035 2875,
806 1962 842 2025 S.
856 1963 899 2026 G.
911 1963 1001 2041 310²,
1017 1965 1081 2027 799
1090 2016 1098 2039 ,
1107 1967 1222 2048 primus

230 2065 339 2127 saeculo
365 2062 541 2136 undecimo,
563 2060 672 2123 tertius
690 2061 888 2134 duodecimo,
910 2064 1058 2126 secundus
1081 2084 1154 2127 vero
1170 2065 1222 2148 qui

231 2163 312 2225 tertii
338 2161 545 2246 apographum
568 2180 634 2222 esse
655 2160 796 2234 videtur,
821 2160 930 2223 seculo
955 2163 1084 2243 septimo
1105 2164 1222 2227 decimo

229 2262 371 2345 scriptus.
403 2263 453 2324 Ex
479 2258 665 2342 inspectione
691 2259 800 2321 horum
827 2259 964 2323 codicum
987 2262 1097 2325 certior
1125 2262 1223 2327 sactus

228 2361 308 2423 idem
324 2381 401 2443 opus
421 2361 451 2421 in
467 2359 527 2421 illis
540 2358 706 2438 contineri,
727 2359 810 2441 quod
823 2357 1015 2423 D'Acherius
1031 2362 1087 2424 sub
1100 2363 1222 2425 nomine

229 2460 390 2524 Lanfranci
405 2458 570 2542 publicavit
586 2510 592 2533 ,
609 2479 670 2519 non
685 2458 736 2520 diu
751 2479 801 2519 me
817 2457 876 2521 illis
894 2459 1045 2523 codicibus
1060 2463 1217 2545 occupavi.

229 2561 311 2623 Nam
327 2560 407 2642 quod
426 2567 498 2622 ante
521 2557 604 2630 dixi,
619 2577 713 2638 quum
728 2556 860 2639 primurn
875 2556 913 2619 de
929 2558 1006 2621 serie
1022 2559 1080 2623 hac
1092 2560 1220 2625 Petrum

229 2659 373 2722 Ecclesiae
397 2649 763 2739 Anglicanae'agebatur,
789 2654 821 2716 in
842 2663 976 2718 mentem
1002 2659 1145 2736 recurrit,
1159 2682 1219 2723 non

230 2756 331 2819 omnia
347 2774 415 2837 quae
433 2753 618 2835 scripserunt
632 2751 690 2812 viri
703 2751 746 2813 illi
764 2752 952 2825 beatissimi,
970 2761 1002 2815 et
1015 2757 1097 2836 apud
1115 2778 1221 2822 omnes

230 2862 337 2939 gentes
358 2854 435 2914 bene
457 2849 576 2923 meriti,
598 2849 705 2910 eadem
723 2868 795 2911 cura
814 2855 907 2930 atque
925 2853 1071 2933 temporis
1084 2854 1222 2936 impense

229 2953 288 3037 legi
313 2953 433 3015 debere.
459 2947 621 3026 Quocirca,
642 2947 832 3030 praesertim,
854 2968 947 3029 quum
968 2949 1006 3011 de
1026 2970 1063 3012 eo
1082 2961 1224 3034 ageretur

230 3072 331 3135 opere,
351 3051 435 3134 cujus
459 3046 592 3111 nonnulli
618 3055 762 3129 excerpta
783 3053 903 3109 tantum
925 3047 1029 3110 haberi
1047 3049 1220 3131 opinantur,

230 3151 306 3214 satis
318 3148 391 3211 duxi
403 3147 429 3210 si
440 3145 603 3211 editionem
612 3144 779 3209 D'Acherii
793 3154 973 3228 repeterem,
985 3148 1091 3230 paucis
1103 3155 1223 3212 tantum

230 3251 260 3311 in
280 3247 387 3312 melius
401 3245 545 3318 mutatis,
561 3265 628 3327 quae
642 3251 694 3307 aut
710 3265 748 3306 ex
763 3243 858 3327 ipsius
869 3243 993 3308 editoris
1004 3248 1100 3322 notis,
1118 3257 1171 3310 aut
1184 3269 1223 3312 ex

230 3348 381 3412 codicibus
402 3344 582 3417 antedictis,
603 3343 710 3406 leviter
730 3343 892 3426 inspectis,
915 3365 1036 3427 possem
1060 3346 1219 3431 corrigere.

231 3448 320 3526 Quod
346 3447 372 3509 si
395 3446 499 3518 lector,
529 3439 610 3506 mole
623 3441 845 3506 D¹Acherianae
864 3462 934 3505 cum
962 3445 1113 3524 parvitate
1135 3447 1224 3531 hujus

231 3567 307 3609 meae
321 3544 462 3609 editionis
473 3542 597 3615 collata,
611 3542 683 3604 inde
696 3541 867 3624 opinionem
879 3544 1041 3624 sumpserit
1051 3565 1111 3607 non
1123 3547 1225 3609 omnia

231 3665 280 3706 me
301 3643 480 3728 repetiisse,
497 3649 655 3705 moneatur
678 3640 884 3705 D'Acherium
902 3642 1002 3724 ipsum
1021 3652 1141 3707 textum
1162 3645 1225 3708 divi

230 3743 318 3806 Pauli
338 3743 547 3826 Epistolarum
565 3761 710 3806 unacum
726 3741 835 3825 glossis
848 3740 1009 3806 Larrfranci
1027 3743 1148 3808 insertis
1161 3745 1226 3808 edi-

231 3842 323 3912 disse.
340 3843 430 3920 Quod
442 3863 461 3904 a
475 3861 543 3904 meo
555 3840 711 3924 proposito
727 3841 831 3923 procul
845 3839 913 3904 fuit.

533 3960 624 4003 urana
643 3961 672 4001 c.
692 3961 926 4003 numerumn.

276 4039 368 4102 Hunc
380 4038 489 4100 librum
499 4046 598 4102 totum
615 4038 729 4101 contuli
739 4058 809 4101 cum
821 4046 927 4111 msto,
941 4040 1035 4121 quiin
1048 4041 1128 4103 Bibl.
1145 4041 1224 4123 Reg.

232 4138 304 4200 Par.
317 4143 467 4211 servetur,
485 4137 516 4198 in
534 4135 672 4218 catalogo
684 4137 741 4198 sub
758 4158 884 4200 numero
896 4137 983 4199 1359
996 4138 1121 4200 locatus.
1141 4137 1225 4200 Prae-

233 4247 279 4299 ter
291 4258 343 4300 eas
357 4257 425 4319 quae
434 4257 493 4299 non
507 4234 745 4319 operaepretium
761 4243 842 4298 esset
852 4236 882 4297 in
894 4237 949 4297 hoc
961 4237 1026 4299 loco
1036 4257 1223 4311 enumerare,
