3184 5442
553 765 757 808 ecucronnmm
780 767 849 809 sive
871 767 1028 810 princeos.
1159 733 1166 747 ⁸
1221 751 1287 813 267

294 900 442 982 templum
455 921 574 984 semper
594 910 648 966 aut
664 903 795 985 Spiritus
808 911 942 980 sanctus
965 913 1020 968 aut
1036 906 1210 972 immundus
1225 911 1287 992 spi-

293 998 369 1063 ritus
379 999 543 1065 inhabitat.

341 1305 393 1370 30.
421 1308 469 1370 De
493 1317 650 1386 unctione,
679 1322 710 1371 et
726 1321 918 1396 poenitentia
942 1322 975 1374 in
1001 1323 1162 1392 extremis,
1186 1340 1225 1378 ac
1251 1316 1291 1377 de

297 1420 405 1469 morte.

337 1506 378 1568 D.
404 1507 487 1584 Quid
499 1508 584 1572 valet
598 1509 699 1572 unctio
713 1510 770 1574 olei
784 1512 926 1574 infirmisl
950 1548 986 1559 ·-
1002 1513 1048 1575 M.
1066 1512 1202 1576 Peccata
1214 1533 1289 1575 corr-

295 1603 390 1681 fessa,
409 1614 440 1669 et
458 1629 519 1670 non
539 1609 666 1686 iterata,
688 1610 738 1672 vel
752 1612 929 1693 quotidiana
950 1612 1099 1694 perhanc
1117 1611 1290 1676 unctionem

295 1705 480 1783 relaxantur,
491 1709 663 1772 utdicitur:
684 1739 696 1762 u
713 1711 756 1773 Et
771 1710 797 1772 si
812 1709 843 1772 in
858 1709 994 1793 peccatis
1014 1718 1079 1784 est,
1099 1710 1291 1774 dimittentur

295 1805 333 1868 ei.
353 1838 366 1860 n
383 1807 418 1870 Si
427 1807 466 1870 de
475 1809 608 1891 peccetis
616 1810 826 1893 poenitentiam
840 1832 900 1874 non
911 1809 1021 1894 egerit,
1038 1811 1098 1873 ista
1110 1809 1213 1873 unctio
1228 1832 1289 1874 non

294 1907 393 1969 solum
406 1906 434 1969 ei
448 1907 519 1971 nibil
530 1910 664 1992 prodest,
681 1911 736 1973 sed
751 1917 783 1973 et
798 1910 927 1974 multum
944 1911 1042 1973 obest.

339 2000 378 2069 D.
402 2006 533 2071 Prodest
547 2009 725 2092 prenitentia
741 2009 773 2071 in
788 2007 951 2072 extremisl
972 2044 1011 2056 -
1027 2008 1073 2072 M.
1091 2009 1152 2086 Qui
1163 2017 1290 2092 peccata

295 2125 352 2168 sua
365 2109 513 2189 usquead
524 2117 653 2172 mortem
671 2109 819 2192 poenitere
834 2108 989 2181 differunt,
1001 2108 1286 2202 nonipsipecoate,

297 2205 730 2303 Qffititffltlffsfflfflii
755 2207 827 2291 quia
848 2228 901 2271 eos
919 2207 1032 2270 diutius
1050 2227 1155 2270 servos
1179 2207 1290 2270 habere

297 2304 420 2368 nolunt:
436 2307 489 2389 qui
505 2316 607 2371 tamen
620 2330 658 2372 ex
673 2309 932 2390 cordepoenitent,
953 2306 1046 2370 etiam
1061 2306 1091 2369 in
1107 2307 1175 2390 ipsa
1194 2315 1291 2371 morte

296 2402 532 2470 misericordiam
548 2407 702 2472 invenient
715 2459 722 2482 ,
746 2406 824 2471 siout
838 2407 917 2470 latro
931 2408 962 2469 in
976 2407 1043 2490 ipso
1063 2406 1170 2470 mortis
1184 2405 1286 2478 exitu,

296 2509 331 2564 ut
342 2502 468 2568 dicitur:
492 2536 504 2558 u
518 2508 708 2592 Quocunque
716 2508 791 2571 hora
800 2507 994 2591 ingemueris,
1007 2507 1110 2571 salvus
1122 2506 1213 2570 eris.»

340 2601 382 2665 D.
408 2605 498 2669 Unde
516 2628 598 2670 mors
616 2607 742 2671 diciturl
760 2643 802 2654 -
814 2607 860 2669 M.
885 2608 937 2669 Ab
959 2607 1176 2679 amaritudine,
1202 2606 1251 2668 vel
1272 2627 1291 2667 a

296 2722 399 2766 morsu
410 2707 611 2788 pomi'vetiti,
633 2708 714 2771 unde
733 2728 816 2769 mors
835 2712 883 2769 est
901 2713 979 2769 orta.
1003 2706 1084 2769 Sunt
1104 2710 1207 2768 autem
1229 2712 1292 2767 tres

297 2808 429 2866 mortes:
448 2805 563 2869 scilicet
576 2807 751 2880 immatura,
769 2813 805 2868 ut
815 2805 846 2866 in
859 2803 1046 2876 infantibus;
1064 2805 1191 2877 acerba,
1209 2809 1244 2866 ut
1260 2804 1290 2865 in

297 2896 474 2978 juvenibus3
493 2903 650 2978 naturalis,
667 2910 702 2966 ut
711 2902 742 2965 in
754 2900 890 2966 senibus.

341 2996 382 3061 D.
397 2999 486 3064 'Cum
496 3010 623 3086 peccate
633 3002 664 3065 in
674 3002 860 3086 baptismate
874 2999 1078 3070 dimittantur,
1092 3002 1200 3060 etcum
1211 3015 1292 3058 mors

297 3094 338 3159 sit
346 3117 436 3179 poena
446 3101 575 3184 peccati,
590 3123 643 3166 cur
651 3101 837 3186 permittitur
845 3099 1076 3184 postbaptisma
1085 3096 1178 3159 etiam
1188 3094 1293 3158 electis

297 3196 461 3262 dominaril
475 3236 514 3248 -
525 3202 571 3265 M.
586 3202 631 3265 Ut
646 3201 764 3285 possint
781 3220 837 3284 pro
851 3199 974 3264 Christo
989 3200 1067 3281 pati,
1084 3203 1116 3260 et
1130 3197 1228 3279 magis
1239 3215 1292 3258 co-

298 3297 409 3362 ronari.
423 3301 482 3364 Est
497 3308 528 3364 et
542 3300 636 3364 aliud.
662 3303 697 3366 Si
717 3301 932 3365 immortalitas
953 3318 1112 3382 corporum
1128 3296 1158 3358 in
1172 3295 1291 3378 baptis-

298 3402 380 3459 mate
391 3396 531 3475 deretur,
551 3420 612 3463 non
627 3421 683 3483 pro
698 3401 783 3474 Deo,
802 3401 856 3463 sed
867 3420 923 3483 pro
939 3399 996 3462 hac
1011 3395 1241 3460 immortalitate
1253 3395 1293 3458 ad

298 3496 450 3578 baptisma
460 3500 499 3562 ab
511 3499 651 3564 omnibus
661 3499 871 3571 festinaretur:
889 3497 978 3562 etsie
995 3497 1096 3560 nullus
1111 3497 1151 3559 ad
1165 3515 1291 3580 regnum

299 3603 509 3660 reverteretur.
528 3599 693 3663 Peccatum
716 3620 788 3685 ergo
812 3600 897 3663 Deus
924 3600 954 3660 in
979 3597 1130 3681 baptismo
1154 3594 1289 3669 dimisit,

298 3714 403 3776 poenes
413 3704 516 3760 autem
533 3701 649 3782 peccati
660 3721 720 3764 non
730 3701 846 3764 remisit
859 3752 865 3775 ,
884 3707 919 3762 ut
927 3698 1004 3784 justi
1015 3699 1171 3783 perfidem
1183 3696 1290 3760 ambu-

299 3793 378 3868 lent,
398 3804 429 3859 et
447 3817 502 3880 per
516 3801 723 3882 operationem
737 3821 770 3864 se
782 3807 961 3874 exerceant,
981 3800 1076 3862 donec
1094 3817 1177 3860 mors
1192 3817 1212 3859 a
1225 3793 1291 3858 vita

299 3893 504 3960 absorbeatur.

342 4195 395 4258 31.
426 4198 472 4259 Dc
485 4199 586 4262 reditu
593 4215 809 4285 peccatorum,
825 4201 907 4262 etde
918 4214 1053 4286 peceato
1068 4197 1290 4261 irremissibili.

342 4297 384 4358 D.
410 4299 612 4365 Dimittuntur
627 4303 761 4383 reprobis
780 4315 906 4383 peccata
922 4302 952 4362 in
968 4297 1170 4382 baptismate!
1187 4333 1228 4342 -
1242 4297 1287 4359 M.
