3184 5442
373 726 437 790 138
747 746 776 785 n.
805 744 980 787 nnnrnnner

373 891 438 960 est,
458 886 611 949 viventem
625 891 656 947 et
671 884 875 948 immortalem
888 885 1046 968 signifieat.
1076 921 1116 932 -
1142 884 1179 946 Si
1196 906 1272 969 ergo
1293 905 1368 944 con-

372 982 572 1069 summatio]
586 983 621 1047 si
633 1034 639 1058 ‚
653 983 751 1066 inquit
765 1034 771 1058 ‚
786 984 836 1046 lex
850 990 1071 1059 consummata,
1082 985 1114 1048 id
1128 992 1193 1059 est,
1207 981 1363 1066 perfecta;

371 1104 431 1146 non
441 1084 606 1159 mutanda,
621 1084 675 1146 sed
686 1103 783 1166 usque
798 1085 943 1148 adfinem
958 1084 1060 1149 saeouli
1070 1103 1285 1168 permansura;
1299 1091 1367 1146 erat
1448 1137 1452 1143 .

370 1181 443 1245 data
451 1203 506 1264 per
514 1181 587 1245 illud
601 1187 721 1265 tempus
728 1203 788 1265 quo
797 1183 996 1248 constitutum
1006 1191 1054 1248 est
1060 1183 1262 1248 sacerdotium
1271 1182 1365 1246 Levi-

370 1280 465 1345 ticum
477 1303 484 1353 ;
499 1301 552 1344 cur
567 1280 650 1344 aliud
658 1281 860 1345 sacerdotium
869 1282 1029 1367 subrogatl
1041 1282 1123 1360 Quia
1132 1283 1213 1346 enim
1221 1280 1323 1357 simul,
1334 1287 1366 1345 et

372 1380 411 1442 ab
434 1380 564 1453 eodem,
588 1385 621 1442 et
644 1380 699 1441 sub
722 1380 828 1442 eadem
849 1380 1012 1462 sponsione
1031 1388 1161 1463 utraque
1184 1380 1258 1443 data
1273 1388 1362 1447 srmt:

372 1477 454 1560 quod
462 1480 501 1541 de
509 1499 570 1542 uno
582 1477 702 1552 dicitur,
716 1478 755 1541 de
771 1478 867 1541 altero
881 1500 1006 1543 neeesse
1018 1487 1066 1543 est
1075 1479 1271 1564 intelligatur.
1285 1478 1367 1542 Tota

371 1578 452 1641 enim
467 1578 544 1641 ratio
556 1578 600 1642 sic
617 1576 770 1660 procedit:
789 1576 824 1640 Si
839 1577 889 1640 lex
903 1584 970 1641 erat
984 1599 1183 1661 permansura
1195 1629 1201 1653 ‚
1216 1585 1249 1642 et
1263 1598 1366 1641 sacer·

370 1676 485 1740 dotium
497 1701 503 1751 ;
516 1679 570 1740 sed
584 1676 785 1741 sacerdotium
801 1675 979 1763 transfertur
988 1701 995 1750 ;
1003 1678 1055 1740 lex
1066 1684 1168 1741 autern
1183 1697 1307 1741 necesse
1317 1684 1366 1741 est

370 1775 580 1841 transferatur.
598 1813 642 1824 —
656 1774 833 1838 Secundam
846 1775 956 1862 legem‘
965 1776 976 1862 ]
986 1776 1126 1842 Christus
1135 1798 1197 1839 non
1208 1783 1256 1840 est
1266 1775 1366 1840 factus

371 1877 513 1940 sacerdos
523 1878 688 1942 secundum
702 1877 802 1961 legem
815 1878 1010 1948 Judaeorum,
1030 1897 1097 1960 quae
1110 1876 1246 1940 carnales
1259 1876 1365 1938 obser·

372 1976 511 2041 vationes
537 1977 730 2061 praecipiebat
743 2029 749 2052 ‚
763 1976 836 2061 quia
856 1998 915 2040 non
941 1984 989 2040 est
1008 1977 1047 2040 de
1074 1976 1154 2039 tribu
1174 1975 1266 2050 Levi,
1284 1975 1366 2038 unde

372 2076 546 2141 sacerdotes
564 2077 634 2160 eligi
651 2076 718 2159 ipsa
734 2076 785 2139 lex
795 2076 942 2161 jubebat;
960 2077 1015 2139 sed
1028 2076 1193 2139 secundum
1204 2075 1287 2157 quod
1302 2074 1367 2157 pla·

373 2176 435 2239 cuit
445 2177 550 2240 virtuti
563 2175 732 2241 divinitatis
747 2197 830 2252 suae,
849 2176 880 2239 in
895 2197 956 2260 qua
971 2184 1053 2240 etex
1071 2196 1133 2258 qua
1148 2182 1195 2238 est
1206 2174 1271 2238 vita
1280 2173 1365 2237 inso-

371 2275 491 2349 labilis,
510 2276 615 2349 idest,
629 2281 758 2349 aeterna,
776 2296 845 2358 quae
855 2284 954 2340 morte
965 2275 1184 2339 interveniente
1199 2295 1259 2336 non
1271 2273 1366 2337 solvi-

372 2381 432 2436 tur.
450 2374 566 2437 Aliter:
581 2374 653 2437 Non
672 2379 721 2436 est
733 2371 833 2438 factus
847 2374 989 2438 sacerdos
999 2381 1035 2438 ut
1051 2375 1082 2437 in
1094 2373 1247 2438 sacrificiis
1261 2374 1367 2439 obser-

371 2479 480 2550 varet,
500 2472 550 2537 vel
575 2471 728 2535 observari
751 2473 930 2556 praeciperet
950 2473 1084 2537 carnalia
1099 2478 1253 2556 praecepta
1270 2472 1363 2557 legis;

373 2572 428 2635 sed
445 2571 632 2654 spiritualem
651 2571 903 2657 intelligentiam,
921 2595 989 2657 quae
1010 2581 1058 2637 est
1077 2573 1175 2636 virtus
1194 2593 1250 2656 per
1274 2594 1372 2656 quam.

372 2669 462 2734 datur
469 2669 535 2734 vita
548 2669 729 2734 insolubilis:
744 2670 867 2733 Littera
876 2680 959 2734 enim
971 2671 1103 2750 oceidit,
1120 2678 1252 2757 spiritus
1263 2683 1367 2734 aurem

371 2771 530 2856 vivificat.
556 2805 601 2818 -
627 2769 867 2857 Commeatum]
892 2772 1008 2837 Probat
1030 2771 1211 2836 auctoritate
1239 2770 1364 2842 divina.

372 2872 443 2954 quia
450 2871 613 2936 secundum
624 2871 852 2935 similitudinem
859 2871 1084 2936 Melchisedech
1088 2896 1095 2946 ;
1108 2871 1281 2935 exsurrexit
1290 2871 1368 2935 alius

371 2972 521 3035 sacerdos
548 3008 590 3021 -
614 2972 850 3057 Infirmitatem.
859 2971 871 3057 l
881 2974 979 3037 Vetus
993 2973 1044 3036 lex
1057 2972 1183 3034 infirma·
1199 2978 1283 3046 erat,
1296 2970 1368 3054 quia

371 3070 538 3137 cultoribus
560 3072 623 3137 suis
640 3072 808 3156 perfectam
829 3073 979 3158 justitiam
1003 3073 1076 3136 dare
1096 3092 1157 3135 non
1176 3076 1308 3153 poterat.
1333 3071 1368 3134 Si

371 3171 451 3235 enirn
465 3174 594 3237 cultores
606 3175 671 3259 ejus
683 3172 816 3258 perfecte
824 3172 899 3259 justi
912 3179 1026 3247 essent,
1041 3181 1112 3255 post
1121 3179 1251 3235 mortem
1262 3169 1367 3233 statim

372 3273 507 3353 requiem
530 3271 663 3336 habituri
686 3273 795 3336 ooelum
823 3272 1032 3359 ascenderent.
1061 3269 1124 3335 Sed
1144 3277 1211 3333 erat
1231 3289 1287 3352 per
1302 3269 1368 3354 ejus

372 3371 596 3434 observantiam
616 3371 792 3455 justificatio
819 3371 983 3445 nonnulla,
1008 3377 1202 3453 peccatorum
1228 3367 1368 3432 remissio

372 3468 496 3550 aliqua,
514 3489 575 3531 non
591 3475 695 3532 tamen
712 3469 814 3552 plena.
842 3462 882 3518 ὲ
907 3468 1087 3554 fabrilem]
1101 3468 1212 3532 Inutile
1225 3466 1284 3534 fuit
1297 3475 1368 3551 post

372 3568 537 3631 adventurn
555 3567 670 3632 Christi
694 3570 856 3632 observare
875 3591 932 3645 ea,
950 3592 1018 3653 quae
1041 3570 1109 3633 ideo
1130 3569 1257 3643 fiebant,
1276 3574 1313 3631 ut
1331 3558 1377 3632 ea

374 3686 441 3749 quae
456 3687 536 3730 nunc
550 3668 643 3743 fiunt,
660 3668 858 3750 praedicerent
873 3690 939 3733 esse
954 3669 1067 3734 futura.
1094 3705 1135 3722 -
1158 3668 1200 3732 In
1213 3666 1368 3752 tantum]

373 3766 410 3829 In
429 3773 578 3849 quantum
598 3767 739 3851 superius
759 3766 840 3831 dixi:
859 3770 931 3851 quia
946 3769 1012 3833 vita
1027 3777 1140 3833 aeterna
1161 3767 1364 3852 promittitur,

373 3873 406 3929 et
421 3886 482 3928 non
496 3865 561 3930 sine
573 3866 780 3953 jurejurando.
808 3903 848 3915 —
872 3867 1048 3953 Melioris]
1068 3869 1105 3932 Id
1117 3874 1180 3944 est,
1194 3866 1278 3932 Novi
1290 3866 1368 3931 Tes-

372 3963 519 4040 tamenti,
534 3986 590 4048 per
606 3967 692 4051 cujus
714 3966 939 4030 observantiam
960 3970 1047 4050 spem
1061 3967 1209 4031 habemus
1225 3964 1316 4045 eundi
1329 3966 1370 4030 ad

373 4063 486 4127 Deum.
512 4099 557 4112 -
580 4064 764 4151 Sponsor.]
791 4064 922 4129 Veteres
950 4067 1123 4130 sacerdotes
1149 4064 1370 4149 promittebant

373 4163 539 4227 cultoribus
559 4164 635 4248 legis
646 4166 764 4249 copiam
784 4165 905 4249 frugum
921 4219 927 4240 ‚
950 4167 1117 4250 longaevam
1129 4166 1245 4238 vitam,
1266 4164 1366 4228 victo·

374 4261 449 4325 riam
465 4263 672 4338 inimicorum,
688 4273 719 4328 et
733 4273 844 4328 caetera
854 4265 901 4328 his
917 4265 1037 4328 similia.
1058 4267 1262 4329 Jesusautem
1274 4284 1368 4346 spon-
