3184 5442
486 675 602 716 otossAE
626 674 658 715 nr
681 675 729 716 ne.
756 677 796 716 An
821 676 893 716 non.
1145 662 1188 726 35

197 846 250 904 net
261 839 426 903 Gentesne
438 836 612 918 superbiant
628 860 634 899 :
648 843 679 898 et
689 857 728 898 ne
739 837 863 899 Judaeos
876 838 1031 921 despectui
1045 841 1186 917 habeant,

197 940 299 1003 dicens
323 964 330 1004 ;
353 939 435 1016 Quia
455 939 481 1000 si
503 938 646 1020 Apostoli
662 939 759 1002 sancti
777 947 865 1012 sunt,
888 947 1003 1003 certum
1028 944 1190 1009 est'etiam

197 1041 278 1123 quod
296 1042 327 1102 in
345 1039 412 1122 ipso
432 1038 544 1120 populo
565 1037 653 1100 multi
672 1039 770 1101 saneti
785 1048 871 1109 sunt;
894 1047 926 1102 et
943 1040 969 1102 si
984 1043 1118 1105 nondum
1136 1064 1187 1117 re,

196 1160 251 1222 spe
266 1146 371 1204 tamen
386 1144 418 1202 et
434 1137 595 1220 presentia
611 1137 725 1199 divina.
745 1139 804 1200 Est
820 1145 923 1201 autem
938 1139 1080 1204 delibatio
1095 1164 1192 1225 pravo

196 1260 237 1302 ex
254 1240 357 1323 aliqua
374 1259 407 1301 re
426 1236 612 1320 assumptio,
632 1243 667 1299 ut
687 1258 727 1299 ex
741 1238 856 1320 pomis,
869 1239 918 1301 vel
933 1259 973 1301 ex
988 1240 1070 1316 cibo,
1088 1243 1137 1305 vel
1152 1264 1193 1306 ex

196 1347 283 1422 potu.
311 1375 351 1388 -
379 1335 492 1400 Olivoe.
508 1336 654 1422 ]Olivam
665 1350 755 1401 vocet
766 1337 911 1420 populum
923 1339 1110 1405 Judoeorum.
1125 1343 1192 1406 Ra·

197 1439 306 1515 dicem,
322 1439 426 1504 fidem.
440 1437 672 1522 Pingoedinem,
688 1439 878 1521 bonaopera.
904 1476 944 1487 -
973 1440 1068 1524 Quod
1079 1450 1110 1504 si
1120 1443 1192 1529 glo.

198 1547 306 1603 riaris.
320 1538 332 1624 ]
347 1539 428 1603 Audi
441 1539 514 1621 quid
526 1537 581 1600 tibi
595 1538 694 1601 dicem
706 1561 711 1599 :
725 1539 796 1613 Non
809 1547 843 1602 tu
855 1540 987 1605 radicem
998 1551 1121 1623 portas;
1139 1545 1193 1607 sed

198 1639 288 1704 radix
302 1647 346 1704 te.
360 1639 397 1702 Id
407 1646 465 1716 est,
476 1639 607 1722 populus
621 1639 796 1702 Judaeorum
807 1660 826 1702 a
839 1646 870 1703 te
881 1641 973 1704 fidem
984 1663 1044 1704 non
1061 1644 1189 1727 accepit,

200 1741 257 1804 sed
272 1748 305 1805 tu
319 1741 357 1802 ab
372 1759 420 1803 eo.
448 1775 486 1790 -
510 1739 698 1822 Mysterium
709 1739 781 1802 doe.
795 1738 806 1824 l
819 1741 856 1803 Id
869 1749 927 1815 est,
945 1762 1006 1824 quo
1019 1744 1118 1807 Judaei
1135 1766 1191 1808 ex·

200 1839 307 1905 eaeoeti
317 1845 388 1903 sunt
399 1860 436 1902 ex
448 1847 546 1922 parte.
574 1875 614 1887 -
643 1838 683 1901 Ut
694 1861 758 1900 non
769 1844 841 1900 sitis
855 1837 948 1901 vobis
958 1847 1033 1923 ipsi.
1048 1841 1059 1926 ]
1075 1843 1112 1905 Id
1127 1852 1190 1919 est,

198 1950 313 2005 utnon
335 1939 496 2005 videamini
516 1938 742 2021 vobismetipsis
762 1937 927 2020 sapientes.
951 1975 992 1986 -
1021 1940 1135 2003 Veniet
1154 1965 1195 2004 ex

200 2040 291 2104 Sion.
307 2038 535 2126 ]Posteriorem
550 2039 734 2103 sententiam
750 2039 861 2121 probat
875 2058 914 2100 ex
931 2039 1112 2104 auctoritate
1122 2063 1195 2125 pro-

199 2140 320 2226 phetica
330 2163 337 2214 ;
349 2141 433 2205 etsie
444 2139 543 2203 omnis
553 2140 649 2203 lsrael
660 2139 764 2202 salvus
775 2140 874 2202 tieret.
900 2159 954 2186 -·
970 2137 1197 2227 Quierrpz'ot.]

199 2240 242 2306 Et
255 2240 319 2303 haee
335 2239 451 2323 ereptio
469 2259 531 2302 non
552 2239 717 2303 seerurdum
738 2258 848 2320 eorpus
870 2238 943 2310 erit;
958 2240 1013 2302 sed
1029 2239 1197 2307 hoetesta-

200 2348 348 2417 mentum,
363 2339 394 2403 id
407 2347 465 2415 est,
480 2339 561 2422 quod
573 2346 669 2402 testor
681 2338 852 2422 eripiendos
863 2338 941 2414 illos,
961 2341 1019 2404 erit
1032 2339 1196 2407 auferendo

200 2448 328 2524 peecata
341 2460 460 2504 eorum.
474 2439 532 2503 Vel
544 2439 615 2522 quie
626 2439 747 2514 dixerat
756 2459 795 2502 ne
807 2438 876 2522 quis
886 2448 1009 2521 putaret
1021 2441 1078 2504 hoe
1087 2444 1126 2505 ab
1137 2442 1196 2505 alio

199 2541 281 2612 fieri.
300 2540 392 2613 dicit,
411 2541 494 2623 quod
509 2546 606 2605 testor
623 2560 643 2603 a
660 2559 710 2602 me
724 2537 839 2603 fectum
854 2539 924 2603 erit.
951 2576 992 2591 -
1016 2540 1196 2605 Secundum

200 2637 422 2725 Evangelium.
437 2636 449 2722 ]
464 2637 595 2720 Propter
609 2635 824 2719 Evangelium,
842 2637 953 2719 inquit,
968 2639 1050 2720 quod
1064 2640 1195 2722 pedico

200 2748 325 2824 propter
338 2758 395 2801 vos
413 2736 591 2810 salvandos
611 2735 724 2799 inimici
738 2735 812 2800 mihi
827 2743 899 2800 sunt
912 2737 1021 2801 Judaei.
1038 2739 1138 2804 Electi
1153 2747 1198 2802 ta-

200 2859 271 2904 men
286 2859 391 2903 eorum
407 2837 575 2901 charissimi
586 2835 660 2899 mihi
671 2843 796 2919 propter
807 2845 923 2920 putres,
939 2838 971 2901 id
985 2845 1043 2909 est.
1058 2838 1196 2903 Petrian-

201 2939 275 3004 ohes
284 2947 316 3003 et
324 2938 506 3021 Prophetas,
520 2958 650 3021 quorum
660 2937 751 3000 tidem
760 2922 928 3003 imitantur:
954 2973 994 2985 -
1019 2937 1197 3021 ⁴terrendum

202 3037 411 3124 Evangelium
420 3035 546 3124 quidem
557 3043 696 3114 inimici,
714 3035 790 3120 ete]
809 3036 860 3100 Ne
871 3035 939 3117 quis
949 3035 1063 3099 diceret
1074 3034 1198 3098 Judaeos

201 3138 233 3202 in
245 3138 334 3204 eorde
346 3138 415 3202 odio
425 3137 579 3212 habuisse,
592 3135 666 3200 loris
677 3144 780 3200 autem
792 3134 894 3199 verbis
905 3133 950 3197 eis
960 3134 1095 3216 plaeere3
1110 3139 1142 3196 et
1155 3133 1200 3197 ita

202 3237 340 3313 adulari,
359 3237 433 3301 dicit
452 3260 459 3298 :
477 3237 652 3302 Secundum
670 3235 891 3318 Evangelium‚
907 3233 989 3316 quod
1007 3242 1056 3298 est
1076 3240 1198 3298 contra-

202 3336 291 3403 rium.
317 3373 357 3387 -
381 3336 458 3421 Sine
470 3344 675 3422 poenitentia.
691 3335 702 3422 ]
718 3337 813 3400 Ratio
831 3355 884 3399 our
904 3333 1016 3398 dixerit
1035 3335 1199 3399 seeundum

203 3437 392 3503 electionem.
409 3437 528 3514 Quibus
548 3437 628 3501 enim
647 3438 733 3503 Deus
751 3438 842 3503 fidem
863 3457 949 3501 suam
973 3435 1115 3518 inspirat;
1134 3436 1200 3499 sine

201 3538 393 3622 praeeedente
405 3537 585 3620 poenitentia
600 3558 704 3601 eorum
720 3536 850 3619 inspirat
864 3559 870 3597 :
884 3557 939 3600 seu
958 3557 1035 3619 quos
1049 3537 1088 3599 ed
1102 3535 1200 3600 vitam

202 3645 348 3703 aetemaru
362 3637 458 3721 eligit,
471 3637 537 3701 sine
546 3638 716 3703 mutatione
728 3637 775 3701 sui
790 3637 906 3701 consilii
920 3636 1015 3720 eligit.
1044 3672 1084 3684 -
1109 3634 1200 3697 Sicut

202 3742 288 3798 enim
301 3733 485 3822 aliquando.
499 3733 510 3820 ]
522 3735 575 3800 Sic
590 3736 701 3801 iterum
715 3735 843 3818 exponit
856 3735 1035 3820 mysterium
1048 3757 1055 3806 ;
1073 3754 1126 3797 cur
1142 3734 1198 3797 Ju-

201 3835 260 3898 daei
281 3856 321 3897 ex
335 3844 424 3918 perte
439 3835 543 3900 eaeceti
560 3843 641 3898 sunt.
668 3872 707 3883 -
737 3834 767 3895 0
782 3834 935 3897 altitudo!
949 3833 960 3920 l
976 3836 1027 3898 Ne
1043 3835 1112 3917 quis
1126 3854 1199 3916 pro·

201 3934 343 3999 fundiora
352 3935 384 3998 in
398 3935 602 4019 superioribus
612 3942 799 4017 quereretur,
813 3935 953 4006 occurrit,
968 3935 1071 3996 dicens
1086 3958 1091 3994 :
1113 3933 1143 3994 0
1155 3935 1200 3995 al-

203 4034 323 4096 titudo!
335 4048 394 4097 ete.
