3184 5442
395 687 482 728 umen
505 689 543 728 oe
567 688 702 731 conpone
727 691 764 732 ur
788 691 880 732 sanc.
912 695 1030 736 oomni.
1152 679 1216 742 lle

216 824 382 909 sacrilegus
399 825 530 890 violator
551 836 657 892 contra
671 829 829 913 praefatam
850 835 1144 918 synodum,.contra
1163 862 1216 904 ca-

217 923 360 987 tholicam
384 924 563 1001 veritatem,
586 936 692 991 contra
714 930 849 994 omnium
872 933 1079 998 Ecclesiarum
1097 938 1216 1020 opinio-

216 1044 287 1086 nem
298 1024 443 1106 scriptum
454 1034 562 1107 postea
571 1027 731 1091 condidisti
745 1052 752 1090 ι
765 1029 813 1092 cui
822 1029 853 1091 in
862 1029 920 1094 hoc
932 1035 1075 1114 opusculo
1085 1040 1214 1102 confisus

216 1125 255 1186 de
269 1123 384 1188 Christi
399 1126 604 1190 misericordia
622 1130 805 1212 respondere
820 1131 966 1214 disposui.
982 1135 1025 1198 Et
1039 1143 1074 1200 ut
1091 1138 1217 1202 eviden-

218 1223 278 1286 tius
292 1232 440 1308 appareat
452 1224 525 1307 qnid
539 1232 573 1288 tu
585 1226 683 1300 dicas,
702 1227 777 1311 quid
789 1251 847 1314 ego
862 1234 1064 1315 respondeam
1079 1260 1085 1298 :
1101 1236 1216 1303 alteru-

218 1333 281 1387 tras
292 1325 459 1388 sententias
470 1325 584 1389 vicaria
597 1334 770 1391 nostrorum
782 1331 939 1394 nominum
951 1334 1101 1415 positione
1111 1337 1217 1402 distin-

218 1446 318 1508 guam.
341 1426 409 1488 Nec
425 1426 466 1488 ad
481 1427 584 1489 omnia
602 1448 802 1510 responsurus
817 1451 902 1506 sum,
926 1434 997 1515 quia
1016 1435 1112 1519 spinis
1131 1459 1216 1503 rosas

218 1525 385 1601 interseris,
401 1533 433 1590 et
446 1527 538 1606 albis,
554 1535 646 1610 atque
662 1529 757 1613 nigris
768 1532 916 1596 coloribus
927 1535 1111 1617 phantasma
1127 1545 1215 1602 tuum

219 1624 372 1710 depingis,
387 1628 525 1710 quaedam
541 1629 635 1699 etiam
650 1631 740 1706 dicis,
756 1653 825 1714 quae
836 1633 910 1695 nihil
922 1636 1075 1717 pertinent
1089 1638 1128 1700 ad
1143 1660 1216 1722 pro-

219 1726 352 1809 positum
368 1728 554 1810 quaestionis
576 1729 765 1815 Compendio
782 1741 885 1796 autern
901 1733 931 1796 in
947 1744 1093 1817 quantum
1110 1747 1217 1818 potero

220 1846 343 1908 operam
355 1828 443 1891 dabo.
460 1829 493 1891 In
505 1829 617 1893 talibus
629 1831 709 1893 enirn
719 1832 825 1896 naeniis
834 1833 945 1897 nollem
954 1834 1051 1897 vitam
1061 1836 1214 1914 deterere,

220 1925 245 1989 si
259 1927 403 2010 populum
417 1928 477 1993 Dei
492 1929 650 2013 antiquam
666 1932 857 2014 permitteres
872 1953 980 2015 pacem
995 1933 1116 1996 habere.

264 2248 296 2313 2.
314 2250 457 2314 Benene.
476 2280 488 2302 u
506 2249 661 2332 Scriptum
675 2251 840 2314 Humberti
857 2249 1016 2336 Burgundi
1034 2270 1125 2333 quem
1137 2251 1218 2315 fece-

222 2355 290 2412 rant
305 2349 412 2413 Romae
433 2350 619 2435 Episcopum
638 2349 848 2426 Cardinalem,
871 2351 954 2434 quod
971 2350 1092 2432 scripsit
1112 2359 1219 2414 contra

223 2449 402 2512 catholicam
422 2449 599 2525 veritatem,
619 2451 701 2532 quod
715 2449 839 2514 inferius
855 2450 987 2535 patebit,
1006 2458 1042 2512 ut
1058 2459 1217 2535 cogeretur

217 2546 291 2610 illud
310 2548 532 2629 Berengarius,
559 2557 591 2612 et
613 2549 699 2633 quasi
721 2551 855 2633 profiteri
880 2571 1012 2614 errorem
1036 2549 1216 2632 ineptissimi

219 2648 388 2733 Burgundl.
411 2679 422 2704 ι

262 2748 381 2812 huna.
400 2751 606 2813 Humbertum
621 2751 720 2815 virum
734 2751 827 2815 fuisse
841 2751 1030 2837 religiosum,
1046 2750 1105 2812 lide
1121 2748 1215 2812 chris-

220 2847 315 2923 tiana,
327 2855 358 2912 et
365 2849 564 2913 sanctissimis
571 2851 713 2934 operibus
720 2851 1213 2934 perseverantissimedecoratum,

219 2947 345 3012 scientia
360 2949 532 3013 divinarum
546 2971 582 3014 ac
594 2952 782 3015 saecularium
800 2951 971 3014 litterarum
990 2948 1127 3033 apprime
1143 2969 1217 3011 eru-

219 3047 317 3111 ditum
332 3055 487 3113 testantur
498 3071 603 3114 omnes
616 3051 667 3134 qui
680 3051 729 3114 vel
743 3051 867 3135 propria
878 3049 1067 3134 experientia
1078 3069 1148 3111 eum
1162 3069 1217 3110 no-

218 3156 338 3225 verunt,
354 3149 403 3213 vel
414 3153 452 3215 ab
461 3151 529 3214 aliis
540 3151 591 3234 qui
603 3151 704 3236 ipsum
715 3152 834 3234 experti
846 3158 928 3226 sunt,
941 3151 1007 3237 ejus
1016 3148 1218 3232 coguitionem

219 3258 410 3333 acceperunt.
430 3240 523 3315 Hunc
536 3273 596 3314 non
611 3253 650 3315 de
669 3251 865 3338 Burgundio,
886 3251 942 3314 sed
961 3251 1000 3312 de
1018 3247 1219 3332 Lotharingia

218 3357 341 3414 sanctus
352 3352 415 3414 Leo
422 3352 554 3416 Romam
567 3353 713 3428 traduxit,
729 3354 769 3415 ad
783 3351 1010 3437 praedicandum
1025 3347 1137 3413 Siculis
1149 3370 1218 3413 ver·

219 3451 291 3513 bum
309 3450 370 3514 Dei
391 3451 661 3536 Archiepiscopum
682 3452 834 3516 ordinavit
856 3475 862 3514 :
882 3459 992 3536 postea
1011 3469 1085 3514 vero
1109 3457 1218 3514 sancta

219 3550 360 3615 Romana
368 3551 504 3616 Ecclesia
513 3553 679 3616 Praesulem
689 3552 747 3616 sibi
757 3551 954 3616 Cardinalem
965 3572 1036 3614 eum
1047 3549 1215 3614 constituit.

220 3650 288 3728 Quo
302 3651 334 3714 in
349 3653 416 3716 loco
433 3653 550 3736 positus
566 3653 668 3716 taliter
684 3652 778 3724 vixit,
798 3652 900 3715 taliter
915 3652 1034 3726 docuit,
1054 3658 1090 3713 ut
1105 3651 1144 3713 de
1158 3651 1219 3713 fide

220 3750 268 3813 vel
280 3752 417 3816 doctrina
429 3752 527 3837 ipsius
536 3775 594 3822 neo
604 3754 713 3816 saltem
726 3752 856 3817 sinistrae
869 3750 1050 3835 suspicionis
1061 3748 1144 3812 fama
1159 3749 1217 3813 ali-

219 3852 342 3934 quando
359 3861 467 3916 exorta
485 3854 536 3917 sit.
558 3855 661 3940 Hujus
674 3853 718 3917 rei
735 3853 825 3919 testis
842 3859 890 3916 est
906 3859 972 3916 tota
986 3849 1049 3913 fere
1063 3849 1216 3923 latinitas,

220 3971 288 4034 quae
309 3973 364 4035 pro
387 3953 566 4018 excellentia
589 3954 762 4037 apostolica
785 3953 883 4026 sedis,
910 3952 996 4038 cujus
1017 3948 1166 4023 conciliis,
1188 3957 1220 4012 et

219 4051 351 4116 consiliis
362 4075 483 4137 semper
496 4055 619 4130 aderat,
637 4076 674 4120 ac
687 4063 833 4139 praeerat,
851 4075 921 4116 eum
936 4053 1076 4138 ignorare
1091 4072 1152 4113 non
1166 4072 1221 4133 po-

220 4150 289 4215 tuit.
317 4153 378 4231 Qui
403 4155 428 4217 si
451 4155 544 4218 etiam
572 4155 759 4240 Burgundiis
785 4161 887 4228 esset,
914 4151 1092 4233 insipienter
1117 4158 1219 4212 tamen

222 4254 398 4335 arrogantia
412 4266 465 4319 tua
475 4276 584 4319 nomen
595 4276 657 4318 suae
667 4254 829 4337 gentispro
839 4250 964 4314 infamia
974 4249 1030 4310 sihi
1039 4248 1216 4321 ascriberet,
