3184 5442
473 674 590 716 crossia
612 674 647 715 ru
670 673 720 716 ar.
746 673 787 714 nu
810 671 919 714 sruss.
1156 652 1201 715 99

204 835 267 898 quo
279 821 371 879 natus
386 821 435 879 est
448 813 610 888 Christus,
630 815 711 898 quod
727 811 784 877 fuit
800 811 1016 896 plenitudinis;
1034 812 1106 896 quia
1123 813 1154 875 in
1165 833 1202 877 eo

204 914 357 999 completa
381 919 453 978 sunt
476 913 637 998 promissa.
662 912 721 977 Vel
750 912 824 996 quia
854 911 915 975 alia
943 920 1082 996 tempora
1106 933 1204 978 vacua

205 1011 327 1077 suerunt
345 1033 366 1075 a
383 1013 492 1077 salute.
519 1049 562 1062 -
585 1010 833 1098 Pisandrus]
851 1011 887 1075 ln
911 1012 1154 1096 dispensatione,
1172 1013 1205 1076 id

206 1120 269 1187 est,
283 1113 315 1175 in
335 1112 607 1176 consummatione.
622 1111 760 1195 Exponit
774 1111 849 1194 quid
863 1110 904 1175 sit
917 1110 993 1174 illud
1012 1110 1127 1175 bonum
1141 1111 1206 1199 pla·

207 1213 301 1277 citum
324 1212 411 1289 Dei,
442 1212 585 1277 videlicet
607 1212 735 1296 impleto
760 1219 899 1294 tempore
922 1211 1121 1276 ordinationis
1144 1231 1207 1276 suae

208 1312 378 1377 instaurare
388 1313 420 1377 in
434 1314 526 1378 fidem
543 1312 660 1378 Christi
675 1364 682 1388 ,
703 1312 757 1397 qui
771 1312 803 1375 in
821 1311 907 1376 coelis
922 1319 1011 1384 sunt,
1028 1311 1060 1375 id
1071 1318 1138 1384 est,
1153 1332 1209 1375 nu·

209 1433 329 1477 merum
348 1412 556 1497 Angelorum,
570 1413 624 1496 qui
640 1412 809 1476 diminutos
830 1418 918 1486 erat3
935 1420 967 1477 et
981 1411 1034 1495 qui
1051 1411 1101 1476 hic
1114 1420 1206 1489 sunt,

210 1511 349 1576 homines
368 1513 511 1578 videlicet
532 1513 586 1596 qui
609 1533 721 1597 magna
738 1533 779 1576 ex
799 1518 890 1596 parte
911 1512 1075 1597 perierant.
1102 1547 1147 1560 -
1169 1511 1210 1574 In

140 1658 146 1665 -
210 1634 273 1700 qao
285 1624 317 1674 et
328 1633 396 1674 nos.
406 1610 419 1696 ]
430 1612 607 1676 immutatio
617 1633 741 1676 casuum
751 1618 811 1687 est;
822 1610 910 1694 quasi
927 1611 1043 1677 diceret
1053 1611 1084 1674 in
1095 1631 1209 1695 quem,

212 1713 245 1776 id
273 1718 343 1786 est,
365 1710 397 1774 in
424 1713 510 1798 cujus
530 1713 643 1787 fidem,
659 1712 709 1775 vel
731 1712 763 1774 in
781 1731 858 1794 quo,
887 1711 1002 1787 idest,
1030 1731 1209 1795 perquem.

213 1845 259 1861 -·
281 1809 411 1897 Signata·
427 1809 636 1896 ssrn.]0rdo
657 1819 715 1875 est.
738 1809 861 1894 Signati
882 1810 956 1874 estis
976 1809 1008 1872 in
1032 1809 1216 1894 redemptio·

215 1931 286 1975 uem
300 1909 515 1993 adquisitionis
531 1934 539 1984 ;
556 1910 681 1993 spiritus
695 1910 776 1974 enim
797 1910 957 1974 credentes
972 1908 1074 1994 signat
1086 1960 1093 1985 ,
1107 1909 1213 1984 idest,

216 2008 344 2074 ebullis
365 2008 539 2073 hominibus
559 2008 721 2085 discernit,
735 2016 768 2073 et
791 2015 933 2094 separat3
953 2008 1026 2092 quia
1044 2029 1064 2071 a
1085 2010 1219 2092 peccatis

218 2129 271 2187 eos
283 2117 414 2194 purgat,
429 2117 462 2173 et
481 2109 690 2192 spiritualibus
702 2109 814 2193 gratiis
832 2121 932 2174 ornat.
960 2145 1000 2159 -
1029 2107 1094 2193 Qui·
1115 2108 1218 2171 credi·

220 2230 308 2286 mus,
322 2207 402 2295 etc]
414 2209 451 2274 Id
464 2217 529 2286 est,
547 2209 600 2293 qui
610 2210 763 2274 credimus
771 2210 879 2274 omnia
891 2230 958 2293 quae
974 2216 1119 2293 operatus
1129 2216 1177 2273 est
1187 2207 1219 2272 in

220 2305 362 2384 Christo,
378 2310 477 2393 possit
496 2310 615 2393 operari
637 2309 669 2372 in
688 2310 793 2387 nobis,
812 2310 842 2374 id
865 2317 931 2389 est,
953 2308 1217 2374 resurrectionem.

228 2444 270 2455 -
292 2409 399 2495 Supra
410 2431 531 2472 omnem
540 2417 774 2497 principatum,
789 2409 871 2497 ete]
884 2410 995 2486 idest,
1010 2430 1102 2494 super
1111 2409 1220 2495 Ange·

224 2507 322 2572 lorum
342 2516 375 2573 et
387 2509 650 2594 Archangelorurn
674 2510 799 2573 nomina
812 2560 819 2584 ,
833 2530 902 2594 quae
919 2508 1011 2573 modo
1029 2508 1176 2583 sciuntur,
1189 2515 1221 2573 et

224 2608 432 2692 superomnia
445 2628 514 2692 quie
528 2609 711 2693 adpraesens
721 2609 912 2694 ignorantur.
926 2609 988 2673 Vel
998 2629 1089 2694 super
1099 2608 1223 2673 ooeleste

227 2715 260 2774 et
281 2714 427 2773 terrestre
446 2729 570 2772 nomen.
599 2745 640 2759 -
663 2710 709 2773 Et
729 2733 821 2773 omne
841 2732 966 2773 nomen.
979 2707 991 2797 ]
1004 2709 1075 2773 Hoe
1097 2716 1146 2773 est
1159 2707 1224 2772 sive

229 2806 345 2890 aliquid
366 2808 534 2873 secundum
555 2817 736 2893 praesentem
755 2809 853 2875 vitam
866 2809 1052 2886 nominatur,
1068 2815 1099 2873 et
1112 2827 1224 2892 eogno-

228 2907 324 2972 soitur
334 2925 402 2970 esse
414 2926 561 2992 magnum
579 2908 661 2991 quod
677 2929 734 2973 nos
749 2909 782 2972 in
794 2907 897 2973 iirturo
914 2928 1096 2993 cognoscere
1109 2906 1225 2991 poteri·

230 3023 316 3079 mus,
332 3005 417 3087 quod
432 3026 513 3071 nuno
533 3005 636 3072 forsan
657 3009 828 3084 nescimus;
845 3009 981 3073 omnium
996 3008 1117 3072 illorum
1136 3027 1228 3092 supe-

231 3101 344 3167 riorem
366 3103 453 3169 lecit.
482 3143 523 3156 -
549 3106 629 3193 Quoe
652 3123 701 3172 est
725 3131 840 3196 corpus
861 3106 997 3195 ipsius]
1020 3107 1139 3192 Corpus
1164 3107 1229 3193 ejus

232 3221 360 3280 simus,
377 3203 602 3272 similitudinem
613 3216 742 3285 nuturae,
760 3222 792 3274 et
803 3208 984 3294 participem
998 3209 1123 3294 spiritus
1134 3206 1230 3271 susci

234 3298 374 3384 pientes,
390 3306 424 3364 et
440 3322 653 3387 corpusunum
671 3306 784 3370 erimus
807 3326 935 3380 omnes,
954 3305 1025 3389 quia
1039 3324 1232 3371 communem

234 3399 422 3484 susoepimus
440 3404 691 3470 resurrectionem
716 3413 748 3470 et
770 3404 1045 3471 immortalitatem.
1070 3404 1104 3468 ln
1128 3403 1232 3467 ordine

234 3520 309 3565 vero
319 3503 508 3586 eaputnobis
521 3504 662 3572 Christus
671 3507 728 3572 erit
739 3531 747 3582 ;
759 3528 800 3572 ex
811 3528 872 3592 quo
883 3507 982 3570 omnis
991 3525 1083 3570 causa
1094 3503 1234 3568 secundae
1249 3543 1252 3548 ι

235 3601 473 3686 regenerationis
500 3604 532 3668 iu
561 3627 618 3670 nos
645 3598 801 3671 derivasse
832 3606 964 3670 videtur.
996 3640 1040 3653 -
1068 3601 1234 3666 Plenitudo
1262 3686 1267 3690 ι

236 3699 315 3784 ejus.
328 3699 340 3787 ]
353 3701 518 3768 Plenitudo
529 3704 643 3771 Christi
654 3716 702 3772 est
714 3707 864 3783 Ecclesia,
877 3707 949 3791 quia
961 3706 993 3769 in
1008 3726 1046 3769 ea
1060 3711 1092 3767 et
1102 3723 1157 3788 per
1167 3722 1236 3766 earn

238 3799 393 3867 adduntur
407 3806 546 3870 membra
560 3806 703 3884 Christo,
720 3810 828 3884 idest,
845 3808 960 3872 fideles.
