3184 5442
549 752 758 793 eeucmnnrnm
782 753 849 792 srru
874 751 1030 792 urncocus.
1227 733 1292 794 ‘2923

294 902 421 978 petuurn
438 891 554 955 vivunt.
578 893 627 954 En
644 892 764 972 qualem
779 891 933 953 habebunt
948 891 1019 952 vitae
1041 891 1290 964 diuturnitatem,

296 997 348 1078 qui
360 992 559 1057 indeficientis
569 992 640 1054 vitae
654 991 782 1054 feliciter
793 992 1015 1054 haereditabunt
1025 994 1237 1056 aeternitatem.
1252 997 1294 1057 Et

303 1096 366 1160 lraec
380 1103 499 1158 tantum
517 1100 586 1155 sunt
597 1095 677 1154 bona
692 1091 836 1174 corporis.

342 1315 398 1378 20.
414 1315 512 1376 Dotes
525 1321 702 1374 arrinmrnm
715 1321 747 1373 in
758 1312 860 1374 bernis
871 1335 883 1391 ,·
895 1326 924 1374 et
936 1313 1022 1399 quod
1029 1313 1067 1374 dc
1076 1323 1221 1399 peccatis
1238 1323 1297 1377 rire

297 1424 436 1503 expiatis
452 1439 513 1476 non
527 1413 712 1476 erubescant
725 1435 736 1488 ‚·
749 1413 848 1500 deque
856 1413 955 1499 pleno
972 1423 1107 1475 omnium
1117 1416 1248 1500 gaudio.

338 1518 380 1580 D.
399 1515 487 1580 Sicut
499 1514 595 1577 dulcis
609 1513 676 1576 fons
689 1512 842 1575 sitientem
858 1514 1039 1596 agricolam,
1055 1515 1099 1576 ita
1110 1514 1296 1578 delectabilis

295 1617 384 1680 favus
399 1617 436 1678 de
451 1636 503 1677 ore
515 1623 567 1677 tuo
585 1613 735 1676 distillans
749 1634 849 1675 meam
868 1613 1016 1676 refocillat
1032 1614 1176 1675 animam.
1197 1616 1259 1677 Sed
1278 1638 1296 1677 o

294 1714 567 1801 incomparabiliter
590 1713 690 1785 beati,
717 1712 769 1794 qui
791 1712 831 1774 ad
852 1721 916 1774 tam
941 1711 1103 1774 ineffabilia
1131 1714 1208 1775 bona
1226 1733 1297 1788 sunt

299 1814 525 1901 praedestinati!
543 1850 582 1861 —
598 1813 644 1875 M.
657 1813 739 1875 Vere
752 1812 832 1874 beati
844 1820 930 1887 sunt,
947 1813 996 1894 qui
1010 1811 1149 1874 habitant
1163 1814 1193 1874 in
1205 1814 1295 1876 domo

294 1915 438 1989 Domini,
462 1913 534 1997 quia
550 1913 588 1973 in
611 1912 657 1973 his
679 1910 819 1972 omnibus
838 1911 942 1973 vivent
965 1912 995 1972 in
1017 1912 1159 1973 saeculum
1180 1914 1291 1975 saeculi.

293 2018 355 2080 His
364 2013 536 2080 Salomonis
547 2011 786 2095 sapientiaesset
799 2032 910 2095 magna
920 2011 1103 2093 insipientia.
1115 2011 1210 2074 Porro
1221 2013 1296 2094 ipsis
1334 2054 1340 2061 ·

294 2117 393 2179 omnis
415 2115 565 2198 sapientia
587 2110 712 2175 affluit:
739 2133 858 2173 omnem
884 2111 1041 2174 scientiam
1066 2112 1104 2172 de
1124 2111 1190 2193 ipso
1211 2111 1295 2175 fonte

294 2216 450 2299 sapientiae
462 2213 614 2277 hauriunt.
636 2212 747 2275 Omnia
762 2213 874 2294 quippe
891 2211 1055 2294 praeterita,
1069 2212 1244 2294 praesentia;
1264 2222 1295 2275 ct

294 2317 320 2378 si
334 2337 396 2398 qua
408 2315 509 2378 futura
523 2321 609 2385 sunt,
625 2311 758 2394 perfecte
772 2313 881 2374 sciunt.
899 2312 1042 2375 Omnium
1059 2312 1181 2374 omnino
1196 2314 1293 2375 homi-

294 2438 379 2491 num,
397 2418 461 2480 sive
476 2415 507 2477 in
522 2414 609 2486 coelo,
624 2413 730 2476 sivein
744 2411 873 2492 inferno,
896 2413 1033 2488 nomina,
1054 2434 1181 2498 genera,
1203 2435 1295 2496 opera

292 2517 373 2578 bona
392 2515 441 2578 vel
465 2516 545 2576 mala
564 2534 700 2596 unquam
721 2513 820 2576 abeis
839 2522 927 2598 gesta
947 2521 1057 2577 norunt
1076 2539 1082 2586 ;
1106 2523 1137 2577 et
1156 2514 1227 2576 nihil
1248 2524 1295 2576 est

293 2616 376 2696 quod
388 2636 441 2678 eos
453 2615 566 2686 lateat,
584 2635 651 2676 cum
664 2615 694 2674 in
707 2613 769 2675 sole
778 2613 905 2698 justitiae
917 2615 1031 2695 pariter
1042 2615 1167 2676 videant
1179 2615 1291 2675 omnia.

339 2715 380 2777 D.
405 2715 477 2777 Heu
498 2724 629 2796 quantas
647 2715 799 2796 lacrymas
815 2712 944 2774 miseriae
963 2734 1038 2775 meae
1050 2734 1129 2776 nunc
1144 2715 1226 2795 cogit
1245 2735 1294 2774 me

295 2813 420 2876 timdere
430 2812 498 2876 fons
510 2823 570 2876 tuae
586 2815 775 2894 eloquentiae.
795 2811 900 2874 Scient
912 2832 1017 2874 omnes
1032 2812 1128 2874 sancti
1144 2813 1224 2893 quod
1238 2833 1294 2894 ego

293 2913 370 2976 fecil
382 2949 421 2960 -
433 2914 477 2975 M.
490 2914 619 2996 Utique,
632 2934 691 2974 non
702 2913 800 2973 solum
814 2932 881 2994 quae
892 2910 1001 2984 fecisti,
1015 2912 1069 2973 sed
1081 2931 1149 2993 quae
1160 2932 1292 2992 unquam

295 3012 341 3073 vel
354 3011 512 3096 cogitasti,
528 3013 576 3073 vel
594 3011 717 3083 dixisti,
742 3017 795 3073 aut
815 3010 924 3091 aliquis
943 3010 1050 3083 homo,
1076 3010 1141 3072 sive
1158 3011 1267 3071 bouum
1285 3063 1289 3080 ,

294 3110 359 3173 sive
375 3111 499 3183 malurn,
514 3111 715 3173 indelebiliter
726 3120 921 3194 cognoscent.

338 3211 379 3272 D.
405 3210 487 3290 Quid
499 3220 572 3273 tunc
582 3210 666 3272 valet
677 3209 837 3285 confessio,
852 3218 883 3272 et
895 3209 1075 3292 poenitentia
1084 3216 1289 3292 peccatorum,

293 3308 320 3369 si
334 3330 393 3371 non
406 3309 602 3381 delebuntur;
626 3318 657 3372 et
675 3310 700 3371 si
717 3310 775 3392 ipsi
791 3311 903 3372 debent
918 3309 1019 3392 turpia
1034 3317 1065 3372 et
1079 3309 1160 3371 foeda
1175 3306 1294 3391 flagitia

295 3418 400 3472 nostra
422 3409 516 3485 scire,
544 3431 614 3492 quae
637 3410 730 3472 etiam
755 3410 996 3473 exhorrescimus
1022 3409 1173 3492 cogitaret
1189 3445 1229 3456 -
1244 3411 1290 3472 M.

295 3509 376 3585 Quid
387 3509 549 3571 abhorresl
567 3509 639 3592 quid
652 3510 758 3573 timesf
781 3511 832 3572 An
852 3511 966 3572 vereris
982 3511 1062 3592 quod
1080 3511 1118 3571 de
1134 3509 1193 3572 tuis
1204 3509 1293 3573 factis

295 3608 557 3672 ibiconfundarist
581 3611 630 3672 De
650 3609 826 3672 foedissimis
844 3619 875 3672 et
894 3610 1076 3694 turpissimis
1096 3610 1213 3672 actibus
1234 3612 1293 3674 tuis

295 3707 440 3770 confessis
451 3716 481 3771 et
491 3709 672 3791 poenitentia
683 3708 754 3771 lotis
767 3731 826 3771 non
838 3698 906 3792 plus
915 3710 1181 3785 verecundaberis,
1201 3732 1292 3792 quam
1371 3769 1374 3773 .

296 3807 320 3868 si
338 3809 406 3890 quis
423 3830 503 3871 nunc
518 3816 655 3871 narraret
672 3809 726 3871 tibi
744 3830 813 3891 quae
831 3810 903 3872 olim
924 3810 1042 3894 gessisti
1064 3811 1094 3871 in
1115 3812 1217 3873 cunis:
1237 3833 1293 3874 nec

295 3907 363 3989 plus
375 3910 552 3981 erubesces
571 3929 663 3991 quam
680 3908 705 3969 si
721 3908 895 3972 vulneribus
911 3910 941 3972 in
954 3909 1056 3992 praelio
1073 3910 1207 3992 acceptis
1223 3932 1292 3992 per-

297 4005 372 4069 fecte
390 4016 516 4070 sonatus
535 4028 627 4070 esses
653 4007 738 4070 Nihil
759 4017 807 4070 est
825 4009 906 4072 aliud
926 4017 1053 4092 peccata
1072 4008 1225 4071 dimittere
1243 4010 1291 4070 vel

294 4107 407 4180 delere,
421 4129 514 4191 quam
526 4130 586 4170 non
598 4107 705 4189 punire
718 4133 723 4168 :
741 4129 794 4189 per
805 4098 1015 4189 poenitentiam
1031 4118 1062 4171 et
1075 4106 1302 4170 confessionern'

294 4208 506 4272 remittuntur:
533 4210 587 4272 scd
607 4209 644 4269 do
660 4209 718 4271 Dei
741 4217 770 4270 et
787 4209 969 4273 Sanctorum
990 4209 1114 4272 scientia
1137 4227 1291 4287 nunquam

294 4307 482 4371 delebuntur.
