3184 5442
384 736 446 800 166
579 788 583 795 .
754 757 783 796 u.
811 757 984 798 uanrnaucr

326 888 328 893 ⁵
381 896 609 961 intolerabiliter
630 895 808 978 exposuisti.
840 898 873 959 In
896 895 1076 978 quibusdam
1100 901 1202 958 tamen
1226 894 1381 960 codicibus

380 997 509 1081 praelata
529 997 679 1059 sententia
701 996 802 1058 verbis
827 995 894 1059 aliis
913 995 1066 1059 invenitur
1087 995 1145 1060 hoc
1164 996 1256 1059 modo
1280 1019 1286 1059 :
1311 1027 1325 1049 u
1344 999 1380 1062 Si

381 1098 474 1183 igitur
487 1103 573 1160 tanta
585 1097 632 1159 vis
647 1095 738 1158 estin
755 1116 894 1158 sermone
907 1095 1033 1158 Domini
1048 1097 1068 1158 J
1070 1116 1141 1170 esu,
1158 1104 1194 1159 ut
1210 1096 1381 1179 inciperent

382 1219 449 1262 esse
464 1197 544 1280 quod
562 1217 621 1257 non
638 1202 735 1270 erant,
749 1202 864 1277 quanto
878 1196 976 1279 magis
990 1195 1178 1278 operatorius
1192 1203 1251 1272 est,
1263 1205 1297 1260 ut
1309 1218 1379 1280 quae

383 1302 470 1359 erant
487 1296 518 1357 in
540 1295 622 1357 aliud
638 1295 877 1359 commutenturt
897 1327 908 1346 n
930 1297 1007 1373 Quae
1026 1296 1201 1360 litteratura
1213 1296 1379 1378 plurimum
1458 1303 1461 1309 '

383 1397 545 1460 concordat
565 1394 596 1456 in
616 1396 852 1460 sententiarum
874 1417 911 1458 ea
929 1416 997 1478 quae
1015 1397 1046 1459 in
1067 1397 1143 1459 libro
1161 1398 1200 1460 ab
1216 1397 1325 1459 eodem
1340 1398 1380 1460 de

383 1495 554 1581 mysteriis
574 1495 638 1558 sive
661 1495 817 1558 initiandis
838 1495 935 1569 editu,
955 1497 986 1557 in
1007 1495 1071 1558 haec
1092 1497 1187 1559 verba
1204 1497 1376 1578 reperitur:

388 1625 400 1647 ιι
420 1597 527 1659 Sermo
540 1616 611 1679 ergo
624 1594 746 1670 Christi,
770 1596 819 1679 qui
833 1596 934 1677 potuit
948 1616 986 1657 ex
1000 1595 1094 1657 nihilo
1110 1594 1209 1659 facere
1221 1597 1302 1678 quod
1317 1617 1379 1659 non

383 1703 459 1769 erat,
487 1715 548 1756 non
573 1701 675 1775 potest
698 1716 734 1757 ea
757 1716 824 1776 quae
851 1701 922 1756 sunt
947 1693 978 1756 in
1003 1694 1035 1756 id
1057 1703 1186 1768 mutare,
1213 1696 1295 1777 quod
1316 1717 1377 1759 non

386 1797 493 1859 erantl

427 2092 480 2154 10.
507 2095 650 2157 Benene.
682 2124 694 2145 κ
722 2093 909 2156 Sacrificium
934 2092 1078 2155 Ecclesia
1099 2092 1215 2154 duobus
1236 2097 1376 2166 constat,

382 2192 499 2254 duobus
513 2193 683 2266 conficitur,
701 2191 827 2266 visibili,
846 2199 878 2254 et
889 2189 1050 2267 invisibili,
1066 2196 1273 2264 sacramento,
1292 2199 1325 2253 et
1343 2211 1378 2252 re

371 2282 579 2365 sacramenti,
595 2312 662 2372 quae
674 2298 777 2354 tamen
791 2313 861 2366 res,
880 2291 911 2354 id
923 2296 972 2354 est
982 2290 1099 2353 Christi
1113 2309 1237 2373 corpus,
1252 2287 1276 2350 si
1293 2296 1378 2353 esset

381 2410 443 2470 prae
459 2389 570 2461 oculu,
587 2390 714 2453 visibilis
728 2398 809 2453 esset
825 2415 831 2452 :
847 2391 901 2454 sed
921 2391 1041 2454 elevata
1061 2390 1091 2451 in
1107 2391 1215 2454 coelum
1227 2439 1234 2464 ,
1248 2389 1378 2452 sedens-

382 2511 442 2570 que
466 2489 505 2551 ad
528 2489 688 2552 dexteram
711 2490 815 2553 Patris
835 2512 933 2573 usque
955 2490 987 2552 in
1014 2498 1152 2573 tempora
1177 2489 1378 2552 restitutionis

383 2589 533 2662 omnium,
558 2590 639 2671 quod
662 2590 764 2653 scribit
787 2591 956 2672 Apostolus
975 2591 1106 2670 Petrus,
1135 2590 1210 2658 coelo
1236 2588 1379 2654 devocari

383 2711 443 2752 nou
466 2689 594 2773 poterit,
621 2691 699 2753 sieut
721 2690 835 2754 Christi
859 2711 989 2773 persona
1011 2692 1080 2754 Deo
1104 2696 1241 2764 constat,
1264 2698 1297 2753 et
1315 2690 1376 2754 ho-

385 2790 477 2853 mine.
500 2823 512 2844 ··
1046 2860 1050 2866 ,

430 2893 552 2955 Laura.
578 2890 711 2974 Caiphas
722 2912 791 2954 cum
804 2899 884 2955 esset
895 2890 1031 2973 pontifex
1044 2890 1114 2954 anni
1129 2890 1208 2954 illius
1221 2910 1328 2954 verum
1339 2892 1378 2954 de

384 2992 544 3056 Salvatore
559 2995 698 3056 nesciens
717 2992 930 3076 prophetavit,
948 2991 1051 3054 dicens
1061 2992 1204 3074 expedire
1213 2991 1311 3074 magis
1321 3012 1378 3074 pro

387 3095 501 3157 mundo
525 3093 601 3156 mori
623 3114 715 3157 unum
731 3092 901 3167 hominem,
924 3113 1016 3174 quam
1037 3090 1130 3155 totius
1150 3091 1254 3155 mundi
1277 3092 1378 3174 perire

386 3213 508 3255 omnem
518 3192 684 3257 hominem.
705 3193 823 3256 Verum
838 3192 961 3275 quidem
976 3190 1069 3264 dixit,
1088 3199 1300 3255 verumtamen
1316 3213 1378 3274 quo

386 3292 451 3375 ejus
470 3294 597 3356 verbum
619 3301 774 3377 vergeret,
798 3293 960 3376 ignoravit.
981 3291 1034 3356 Sic
1054 3300 1086 3356 et
1108 3299 1144 3357 tu
1160 3293 1272 3366 ,volens
1293 3292 1378 3375 loqui

385 3397 491 3454 contra
517 3413 640 3455 causam
663 3399 816 3467 nostram,
844 3391 1003 3455 manifeste
1036 3412 1128 3474 quam
1155 3391 1376 3455 defendendam

386 3490 573 3571 suscepimus
586 3491 695 3553 asseris
709 3503 829 3572 partem
842 3499 990 3555 nostram.
1004 3492 1075 3556 Hoc
1088 3499 1136 3554 est
1146 3511 1279 3574 namque
1293 3491 1376 3574 quod

386 3587 529 3664 dicimus,
549 3589 605 3652 hoc
621 3589 719 3652 modis
733 3591 884 3667 omnibus
902 3599 1008 3654 eontra
1017 3598 1071 3664 te,
1091 3611 1127 3654 ac
1142 3611 1288 3674 sequaces
1305 3599 1377 3654 tuos

386 3690 554 3771 approbare
570 3686 794 3765 contendimus
817 3690 996 3754 sacrificium
1010 3690 1124 3755 scilicet
1138 3690 1283 3755 Ecclesiae
1297 3691 1377 3754 duo·

284 3819 286 3821 ·
384 3787 441 3850 bus
454 3787 578 3862 confici,
597 3789 713 3852 duobus
727 3797 882 3862 constare,
899 3790 1010 3853 visibili
1024 3791 1242 3855 elementorum
1256 3789 1374 3872 specie,

386 3892 416 3948 et
427 3885 569 3950 invisibili
583 3887 708 3951 Domini
720 3890 740 3951 J
742 3910 796 3951 esu
807 3888 922 3953 Christi
937 3911 1027 3953 carne
1046 3898 1077 3954 et
1095 3889 1259 3975 sangiune,
1274 3909 1379 3954 sacra·

384 3993 507 4065 mento,
525 3993 556 4050 et
567 4009 600 4050 re
611 3988 811 4061 sacramenti,
829 4009 896 4070 quae
911 4009 960 4052 res
976 3989 1029 4074 lut
1043 3989 1144 4053 verbis
1155 3990 1215 4054 tuis
1230 3989 1318 4074 utar]
1330 3996 1379 4053 est

385 4106 494 4168 corpus
508 4085 638 4162 Christi,
657 4088 734 4151 sicut
748 4089 860 4152 Christi
875 4110 1021 4171 persona,
1044 4098 1076 4152 te
1096 4111 1218 4173 quoque
1235 4097 1373 4163 auctore,

385 4194 520 4260 constat,
539 4195 570 4250 et
580 4188 735 4252 conficitur
747 4190 833 4263 Deo,
851 4198 882 4252 et
896 4190 1018 4252 homine
1032 4211 1101 4253 cum
1112 4193 1178 4273 ipse
1188 4190 1327 4254 Christus
1338 4190 1379 4253 sit

385 4307 475 4349 verus
489 4288 574 4349 Deus
587 4285 642 4361 ,et
655 4308 746 4350 verus
760 4288 868 4364 homo,
885 4287 957 4371 quia
971 4289 1069 4351 omnis
1083 4311 1131 4352 res
1144 4290 1264 4354 illarum
1276 4309 1376 4353 rerum
