<?xml version="1.0" encoding="UTF-8"?>
<!DOCTYPE html PUBLIC "-//W3C//DTD XHTML 1.0 Transitional//EN"
    "http://www.w3.org/TR/xhtml1/DTD/xhtml1-transitional.dtd">
<html xmlns="http://www.w3.org/1999/xhtml" xml:lang="en" lang="en">
 <head>
  <title>
</title>
<meta http-equiv="Content-Type" content="text/html;charset=utf-8" />
  <meta name='ocr-system' content='tesseract 3.04.00' />
  <meta name='ocr-capabilities' content='ocr_page ocr_carea ocr_par ocr_line ocrx_word'/>
</head>
<body>
  <div class='ocr_page' id='page_1' title='image "./operaquaesupers00lanfgoog_0310.png"; bbox 0 0 3184 5442; ppageno 0'>
   <div class='ocr_carea' id='block_1_1' title="bbox 295 786 1118 850">
    <p class='ocr_par' dir='ltr' id='par_1_1' title="bbox 295 786 1118 850">
     <span class='ocr_line' id='line_1_1' title="bbox 295 786 1118 850; baseline 0.004 -4"><span class='ocrx_word' id='word_1_1' title='bbox 295 786 358 847; x_wconf 75' lang='lat'>31&#39;4</span> <span class='ocrx_word' id='word_1_2' title='bbox 458 807 489 848; x_wconf 87' lang='lat' dir='ltr'>u.</span> <span class='ocrx_word' id='word_1_3' title='bbox 515 806 690 849; x_wconf 73' lang='lat' dir='ltr'>murauucr</span> <span class='ocrx_word' id='word_1_4' title='bbox 712 807 811 849; x_wconf 76' lang='lat' dir='ltr'>sanxo</span> <span class='ocrx_word' id='word_1_5' title='bbox 833 807 901 848; x_wconf 80' lang='lat' dir='ltr'>srva</span> <span class='ocrx_word' id='word_1_6' title='bbox 925 805 1118 850; x_wconf 68' lang='lat' dir='ltr'>scurrone.</span> 
     </span>
    </p>
   </div>
   <div class='ocr_carea' id='block_1_2' title="bbox 295 921 1292 1410">
    <p class='ocr_par' dir='ltr' id='par_1_2' title="bbox 295 921 1292 1410">
     <span class='ocr_line' id='line_1_2' title="bbox 587 921 1102 1009; baseline 0.002 -2"><span class='ocrx_word' id='word_1_7' title='bbox 587 967 685 1009; x_wconf 79' lang='lat' dir='ltr'>ssauo</span> <span class='ocrx_word' id='word_1_8' title='bbox 708 968 776 1008; x_wconf 73' lang='lat' dir='ltr'>snus</span> <span class='ocrx_word' id='word_1_9' title='bbox 799 965 989 1009; x_wconf 77' lang='lat' dir='ltr'>ssureurnu.</span> <span class='ocrx_word' id='word_1_10' title='bbox 1022 985 1024 989; x_wconf 93' lang='lat'>-</span> <span class='ocrx_word' id='word_1_11' title='bbox 1096 921 1102 936; x_wconf 51' lang='lat'>⁸</span> 
     </span>
     <span class='ocr_line' id='line_1_3' title="bbox 339 1042 1292 1132; baseline 0.006 -24"><span class='ocrx_word' id='word_1_12' title='bbox 339 1047 409 1108; x_wconf 87' lang='lat' dir='ltr'>Hoc</span> <span class='ocrx_word' id='word_1_13' title='bbox 423 1066 500 1127; x_wconf 88' lang='lat' dir='ltr'>opus</span> <span class='ocrx_word' id='word_1_14' title='bbox 513 1042 715 1118; x_wconf 79' lang='lat' dir='ltr'>D&#39;Acherius,</span> <span class='ocrx_word' id='word_1_15' title='bbox 731 1046 761 1107; x_wconf 93' lang='lat' dir='ltr'>in</span> <span class='ocrx_word' id='word_1_16' title='bbox 776 1045 908 1108; x_wconf 78' lang='lat' dir='ltr'>editione</span> <span class='ocrx_word' id='word_1_17' title='bbox 923 1046 1056 1109; x_wconf 91' lang='lat' dir='ltr'>omnium</span> <span class='ocrx_word' id='word_1_18' title='bbox 1071 1068 1198 1132; x_wconf 89' lang='lat' dir='ltr'>operum</span> <span class='ocrx_word' id='word_1_19' title='bbox 1211 1051 1292 1114; x_wconf 91' lang='lat' dir='ltr'>Lan-</span> 
     </span>
     <span class='ocr_line' id='line_1_4' title="bbox 295 1146 1292 1230; baseline 0.008 -25"><span class='ocrx_word' id='word_1_20' title='bbox 295 1146 389 1210; x_wconf 85' lang='lat' dir='ltr'>l&#39;ranci</span> <span class='ocrx_word' id='word_1_21' title='bbox 409 1146 571 1217; x_wconf 84' lang='lat' dir='ltr'>omissum.</span> <span class='ocrx_word' id='word_1_22' title='bbox 595 1154 704 1228; x_wconf 90' lang='lat' dir='ltr'>postea</span> <span class='ocrx_word' id='word_1_23' title='bbox 723 1147 754 1208; x_wconf 95' lang='lat' dir='ltr'>in</span> <span class='ocrx_word' id='word_1_24' title='bbox 778 1146 933 1230; x_wconf 86' lang='lat' dir='ltr'>Spioilegii</span> <span class='ocrx_word' id='word_1_25' title='bbox 951 1146 1020 1208; x_wconf 89' lang='lat' dir='ltr'>Vol.</span> <span class='ocrx_word' id='word_1_26' title='bbox 1040 1148 1071 1221; x_wconf 88' lang='lat' dir='ltr'>I,</span> <span class='ocrx_word' id='word_1_27' title='bbox 1090 1169 1122 1230; x_wconf 85' lang='lat' dir='ltr'>p.</span> <span class='ocrx_word' id='word_1_28' title='bbox 1147 1149 1233 1223; x_wconf 82' lang='lat'>442,</span> <span class='ocrx_word' id='word_1_29' title='bbox 1253 1173 1292 1213; x_wconf 93' lang='lat' dir='ltr'>ex</span> 
     </span>
     <span class='ocr_line' id='line_1_5' title="bbox 295 1244 1135 1329; baseline 0.001 -21"><span class='ocrx_word' id='word_1_30' title='bbox 295 1246 365 1308; x_wconf 84' lang='lat' dir='ltr'>MS.</span> <span class='ocrx_word' id='word_1_31' title='bbox 380 1244 457 1308; x_wconf 90' lang='lat' dir='ltr'>Coll.</span> <span class='ocrx_word' id='word_1_32' title='bbox 472 1245 709 1321; x_wconf 89' lang='lat' dir='ltr'>AEneonaseusi,</span> <span class='ocrx_word' id='word_1_33' title='bbox 722 1247 824 1310; x_wconf 91' lang='lat' dir='ltr'>Oxon.</span> <span class='ocrx_word' id='word_1_34' title='bbox 840 1245 952 1328; x_wconf 87' lang='lat' dir='ltr'>publici</span> <span class='ocrx_word' id='word_1_35' title='bbox 962 1246 1041 1329; x_wconf 90' lang='lat' dir='ltr'>juris</span> <span class='ocrx_word' id='word_1_36' title='bbox 1054 1245 1135 1311; x_wconf 87' lang='lat' dir='ltr'>lecit.</span> 
     </span>
     <span class='ocr_line' id='line_1_6' title="bbox 636 1365 936 1410; baseline 0 -2"><span class='ocrx_word' id='word_1_37' title='bbox 636 1365 936 1410; x_wconf 70' lang='lat' dir='ltr'>nuuorarruucuuxz.</span> 
     </span>
    </p>
   </div>
   <div class='ocr_carea' id='block_1_3' title="bbox 337 1444 1383 1529">
    <p class='ocr_par' dir='ltr' id='par_1_3' title="bbox 337 1444 1383 1529">
     <span class='ocr_line' id='line_1_7' title="bbox 337 1444 1383 1529; baseline 0.004 -20"><span class='ocrx_word' id='word_1_38' title='bbox 337 1448 406 1510; x_wconf 87' lang='lat' dir='ltr'>Has</span> <span class='ocrx_word' id='word_1_39' title='bbox 421 1447 541 1510; x_wconf 87' lang='lat' dir='ltr'>notulas</span> <span class='ocrx_word' id='word_1_40' title='bbox 553 1444 747 1509; x_wconf 87' lang='lat' dir='ltr'>D’therius</span> <span class='ocrx_word' id='word_1_41' title='bbox 758 1468 798 1509; x_wconf 92' lang='lat' dir='ltr'>ex</span> <span class='ocrx_word' id='word_1_42' title='bbox 817 1455 940 1522; x_wconf 86' lang='lat' dir='ltr'>vetusto</span> <span class='ocrx_word' id='word_1_43' title='bbox 958 1456 1089 1511; x_wconf 88' lang='lat' dir='ltr'>monast.</span> <span class='ocrx_word' id='word_1_44' title='bbox 1106 1449 1142 1512; x_wconf 86' lang='lat' dir='ltr'>S.</span> <span class='ocrx_word' id='word_1_45' title='bbox 1163 1451 1292 1513; x_wconf 86' lang='lat' dir='ltr'>Martini</span> <span class='ocrx_word' id='word_1_46' title='bbox 1376 1516 1383 1529; x_wconf 64' lang='lat'>,</span> 
     </span>
    </p>
   </div>
   <div class='ocr_carea' id='block_1_4' title="bbox 293 1540 1387 1747">
    <p class='ocr_par' dir='ltr' id='par_1_4' title="bbox 293 1540 1387 1747">
     <span class='ocr_line' id='line_1_8' title="bbox 293 1540 1382 1631; baseline 0.002 -20"><span class='ocrx_word' id='word_1_47' title='bbox 293 1547 449 1631; x_wconf 87' lang='lat' dir='ltr'>Sagiensis</span> <span class='ocrx_word' id='word_1_48' title='bbox 459 1547 561 1610; x_wconf 90' lang='lat' dir='ltr'>codice</span> <span class='ocrx_word' id='word_1_49' title='bbox 572 1547 643 1611; x_wconf 84' lang='lat' dir='ltr'>MS.</span> <span class='ocrx_word' id='word_1_50' title='bbox 652 1546 816 1630; x_wconf 84' lang='lat' dir='ltr'>excerpsit,</span> <span class='ocrx_word' id='word_1_51' title='bbox 830 1555 862 1610; x_wconf 91' lang='lat' dir='ltr'>et</span> <span class='ocrx_word' id='word_1_52' title='bbox 874 1547 1219 1613; x_wconf 85' lang='lat' dir='ltr'>ineditioneLanfranci</span> <span class='ocrx_word' id='word_1_53' title='bbox 1235 1572 1293 1613; x_wconf 88' lang='lat' dir='ltr'>sua</span> <span class='ocrx_word' id='word_1_54' title='bbox 1380 1540 1382 1545; x_wconf 40' lang='lat'><strong>¹</strong></span> 
     </span>
     <span class='ocr_line' id='line_1_9' title="bbox 293 1647 1387 1747; baseline 0.003 -38"><span class='ocrx_word' id='word_1_55' title='bbox 293 1648 401 1710; x_wconf 91' lang='lat' dir='ltr'>excudi</span> <span class='ocrx_word' id='word_1_56' title='bbox 411 1647 493 1711; x_wconf 85' lang='lat' dir='ltr'>fecit.</span> <span class='ocrx_word' id='word_1_57' title='bbox 505 1649 570 1711; x_wconf 89' lang='lat' dir='ltr'>Eas</span> <span class='ocrx_word' id='word_1_58' title='bbox 578 1647 627 1711; x_wconf 89' lang='lat' dir='ltr'>hio</span> <span class='ocrx_word' id='word_1_59' title='bbox 638 1648 845 1730; x_wconf 84' lang='lat' dir='ltr'>repetivimus,</span> <span class='ocrx_word' id='word_1_60' title='bbox 856 1669 895 1711; x_wconf 93' lang='lat' dir='ltr'>ne</span> <span class='ocrx_word' id='word_1_61' title='bbox 904 1649 998 1711; x_wconf 89' lang='lat' dir='ltr'>editio</span> <span class='ocrx_word' id='word_1_62' title='bbox 1011 1657 1118 1712; x_wconf 87' lang='lat' dir='ltr'>nostra</span> <span class='ocrx_word' id='word_1_63' title='bbox 1129 1650 1293 1713; x_wconf 88' lang='lat' dir='ltr'>ullomodo</span> <span class='ocrx_word' id='word_1_64' title='bbox 1376 1652 1387 1747; x_wconf 38' lang='lat' dir='ltr'>l&#39;</span> 
     </span>
    </p>
   </div>
   <div class='ocr_carea' id='block_1_5' title="bbox 292 1748 1396 1832">
    <p class='ocr_par' dir='ltr' id='par_1_5' title="bbox 292 1748 1396 1832">
     <span class='ocr_line' id='line_1_10' title="bbox 292 1748 1396 1832; baseline 0.004 -23"><span class='ocrx_word' id='word_1_65' title='bbox 292 1748 469 1831; x_wconf 80' lang='lat' dir='ltr'>imperfecta</span> <span class='ocrx_word' id='word_1_66' title='bbox 485 1749 648 1812; x_wconf 89' lang='lat' dir='ltr'>videretur.</span> <span class='ocrx_word' id='word_1_67' title='bbox 669 1750 843 1832; x_wconf 85' lang='lat' dir='ltr'>Sequuntur</span> <span class='ocrx_word' id='word_1_68' title='bbox 860 1749 1088 1812; x_wconf 88' lang='lat' dir='ltr'>observationes</span> <span class='ocrx_word' id='word_1_69' title='bbox 1110 1770 1190 1832; x_wconf 93' lang='lat' dir='ltr'>quas</span> <span class='ocrx_word' id='word_1_70' title='bbox 1204 1750 1294 1813; x_wconf 89' lang='lat' dir='ltr'>D‘A-</span> <span class='ocrx_word' id='word_1_71' title='bbox 1394 1752 1396 1761; x_wconf 90' lang='lat'>&#39;</span> 
     </span>
    </p>
   </div>
   <div class='ocr_carea' id='block_1_6' title="bbox 293 1848 1294 2033">
    <p class='ocr_par' dir='ltr' id='par_1_6' title="bbox 293 1848 1294 2033">
     <span class='ocr_line' id='line_1_11' title="bbox 293 1848 1061 1933; baseline 0 -22"><span class='ocrx_word' id='word_1_72' title='bbox 293 1848 411 1911; x_wconf 82' lang='lat' dir='ltr'>cherlus</span> <span class='ocrx_word' id='word_1_73' title='bbox 420 1848 460 1911; x_wconf 94' lang='lat' dir='ltr'>ad</span> <span class='ocrx_word' id='word_1_74' title='bbox 470 1860 612 1931; x_wconf 88' lang='lat' dir='ltr'>quartam</span> <span class='ocrx_word' id='word_1_75' title='bbox 626 1849 855 1911; x_wconf 85' lang='lat' dir='ltr'>annotationem</span> <span class='ocrx_word' id='word_1_76' title='bbox 868 1849 1036 1933; x_wconf 89' lang='lat' dir='ltr'>subjunxit.</span> <span class='ocrx_word' id='word_1_77' title='bbox 1056 1925 1061 1931; x_wconf 92' lang='lat'><em>.</em></span> 
     </span>
     <span class='ocr_line' id='line_1_12' title="bbox 338 1947 1294 2033; baseline 0.003 -24"><span class='ocrx_word' id='word_1_78' title='bbox 338 1948 406 2010; x_wconf 79' lang='lat' dir='ltr'>Nos</span> <span class='ocrx_word' id='word_1_79' title='bbox 420 1947 488 2009; x_wconf 75' lang='lat' dir='ltr'>leaeo</span> <span class='ocrx_word' id='word_1_80' title='bbox 500 1947 539 2009; x_wconf 85' lang='lat' dir='ltr'>de</span> <span class='ocrx_word' id='word_1_81' title='bbox 554 1957 688 2009; x_wconf 81' lang='lat' dir='ltr'>incautoe</span> <span class='ocrx_word' id='word_1_82' title='bbox 701 1947 909 2032; x_wconf 79' lang='lat' dir='ltr'>definitionis,</span> <span class='ocrx_word' id='word_1_83' title='bbox 924 1961 983 2012; x_wconf 81' lang='lat' dir='ltr'>etc.</span> <span class='ocrx_word' id='word_1_84' title='bbox 999 1947 1093 2033; x_wconf 76' lang='lat' dir='ltr'>lNon</span> <span class='ocrx_word' id='word_1_85' title='bbox 1104 1955 1215 2010; x_wconf 89' lang='lat' dir='ltr'>extant</span> <span class='ocrx_word' id='word_1_86' title='bbox 1226 1949 1294 2012; x_wconf 85' lang='lat' dir='ltr'>baec</span> 
     </span>
    </p>
   </div>
   <div class='ocr_carea' id='block_1_7' title="bbox 295 2049 1385 2117">
    <p class='ocr_par' dir='ltr' id='par_1_7' title="bbox 295 2049 1385 2117">
     <span class='ocr_line' id='line_1_13' title="bbox 295 2049 1385 2117; baseline 0.004 -10"><span class='ocrx_word' id='word_1_87' title='bbox 295 2051 387 2111; x_wconf 82' lang='lat' dir='ltr'>verba</span> <span class='ocrx_word' id='word_1_88' title='bbox 409 2055 474 2111; x_wconf 90' lang='lat' dir='ltr'>tum</span> <span class='ocrx_word' id='word_1_89' title='bbox 499 2050 529 2110; x_wconf 92' lang='lat' dir='ltr'>in</span> <span class='ocrx_word' id='word_1_90' title='bbox 552 2049 703 2112; x_wconf 83' lang='lat' dir='ltr'>codicibus</span> <span class='ocrx_word' id='word_1_91' title='bbox 722 2051 793 2113; x_wconf 91' lang='lat' dir='ltr'>MS.</span> <span class='ocrx_word' id='word_1_92' title='bbox 819 2049 1017 2112; x_wconf 75' lang='lat' dir='ltr'>Bibliotheca</span> <span class='ocrx_word' id='word_1_93' title='bbox 1033 2049 1227 2112; x_wconf 88' lang='lat' dir='ltr'>Corbeiensis</span> <span class='ocrx_word' id='word_1_94' title='bbox 1247 2050 1288 2111; x_wconf 89' lang='lat' dir='ltr'>B.</span> <span class='ocrx_word' id='word_1_95' title='bbox 1383 2112 1385 2117; x_wconf 82' lang='grc'>,</span> 
     </span>
    </p>
   </div>
   <div class='ocr_carea' id='block_1_8' title="bbox 294 2147 1290 2232">
    <p class='ocr_par' dir='ltr' id='par_1_8' title="bbox 294 2147 1290 2232">
     <span class='ocr_line' id='line_1_14' title="bbox 294 2147 1290 2232; baseline 0 -20"><span class='ocrx_word' id='word_1_96' title='bbox 294 2147 463 2213; x_wconf 87' lang='lat' dir='ltr'>Lanlranco</span> <span class='ocrx_word' id='word_1_97' title='bbox 477 2148 705 2231; x_wconf 85' lang='lat' dir='ltr'>antiquioribus,</span> <span class='ocrx_word' id='word_1_98' title='bbox 721 2157 786 2212; x_wconf 91' lang='lat' dir='ltr'>tum</span> <span class='ocrx_word' id='word_1_99' title='bbox 802 2149 896 2212; x_wconf 88' lang='lat' dir='ltr'>etiam</span> <span class='ocrx_word' id='word_1_100' title='bbox 915 2150 946 2212; x_wconf 93' lang='lat' dir='ltr'>in</span> <span class='ocrx_word' id='word_1_101' title='bbox 963 2148 1063 2224; x_wconf 85' lang='lat' dir='ltr'>editis,</span> <span class='ocrx_word' id='word_1_102' title='bbox 1081 2156 1290 2232; x_wconf 76' lang='lat' dir='ltr'>praeterquam</span> 
     </span>
    </p>
   </div>
   <div class='ocr_carea' id='block_1_9' title="bbox 295 2249 1396 2334">
    <p class='ocr_par' dir='ltr' id='par_1_9' title="bbox 295 2249 1396 2334">
     <span class='ocr_line' id='line_1_15' title="bbox 295 2249 1396 2334; baseline 0 -24"><span class='ocrx_word' id='word_1_103' title='bbox 295 2251 325 2311; x_wconf 89' lang='lat' dir='ltr'>in</span> <span class='ocrx_word' id='word_1_104' title='bbox 341 2250 538 2313; x_wconf 87' lang='lat' dir='ltr'>translatione</span> <span class='ocrx_word' id='word_1_105' title='bbox 550 2271 604 2312; x_wconf 88' lang='lat' dir='ltr'>seu</span> <span class='ocrx_word' id='word_1_106' title='bbox 617 2249 795 2333; x_wconf 88' lang='lat' dir='ltr'>paraphrasi</span> <span class='ocrx_word' id='word_1_107' title='bbox 809 2249 950 2334; x_wconf 90' lang='lat' dir='ltr'>Dionysii</span> <span class='ocrx_word' id='word_1_108' title='bbox 958 2249 1154 2313; x_wconf 80' lang='lat' dir='ltr'>Carthasiani</span> <span class='ocrx_word' id='word_1_109' title='bbox 1171 2273 1178 2321; x_wconf 91' lang='lat'>;</span> <span class='ocrx_word' id='word_1_110' title='bbox 1195 2271 1289 2331; x_wconf 89' lang='lat' dir='ltr'>quem</span> <span class='ocrx_word' id='word_1_111' title='bbox 1395 2316 1396 2327; x_wconf 20' lang='lat' dir='ltr'>p</span> 
     </span>
    </p>
   </div>
   <div class='ocr_carea' id='block_1_10' title="bbox 295 2346 1335 2433">
    <p class='ocr_par' dir='ltr' id='par_1_10' title="bbox 295 2346 1335 2433">
     <span class='ocr_line' id='line_1_16' title="bbox 295 2346 1335 2433; baseline 0 -22"><span class='ocrx_word' id='word_1_112' title='bbox 295 2371 367 2412; x_wconf 91' lang='lat' dir='ltr'>sane</span> <span class='ocrx_word' id='word_1_113' title='bbox 378 2351 427 2412; x_wconf 85' lang='lat' dir='ltr'>vel</span> <span class='ocrx_word' id='word_1_114' title='bbox 436 2349 602 2433; x_wconf 89' lang='lat' dir='ltr'>exemplari</span> <span class='ocrx_word' id='word_1_115' title='bbox 611 2349 700 2411; x_wconf 88' lang='lat' dir='ltr'>simili</span> <span class='ocrx_word' id='word_1_116' title='bbox 715 2349 784 2412; x_wconf 90' lang='lat' dir='ltr'>huic</span> <span class='ocrx_word' id='word_1_117' title='bbox 798 2356 932 2412; x_wconf 86' lang='lat' dir='ltr'>correcto</span> <span class='ocrx_word' id='word_1_118' title='bbox 946 2350 985 2411; x_wconf 96' lang='lat' dir='ltr'>ab</span> <span class='ocrx_word' id='word_1_119' title='bbox 1001 2349 1109 2412; x_wconf 88' lang='lat' dir='ltr'>eodem</span> <span class='ocrx_word' id='word_1_120' title='bbox 1116 2346 1292 2411; x_wconf 84' lang='lat' dir='ltr'>Lanfranco</span> <span class='ocrx_word' id='word_1_121' title='bbox 1333 2425 1335 2428; x_wconf 80' lang='lat'>.</span> 
     </span>
    </p>
   </div>
   <div class='ocr_carea' id='block_1_11' title="bbox 189 2447 1396 2531">
    <p class='ocr_par' dir='ltr' id='par_1_11' title="bbox 189 2447 1396 2531">
     <span class='ocr_line' id='line_1_17' title="bbox 189 2447 1396 2531; baseline 0 -23"><span class='ocrx_word' id='word_1_122' title='bbox 189 2447 193 2454; x_wconf 84' lang='lat'>&#39;</span> <span class='ocrx_word' id='word_1_123' title='bbox 295 2469 380 2510; x_wconf 92' lang='lat' dir='ltr'>usum</span> <span class='ocrx_word' id='word_1_124' title='bbox 393 2447 494 2520; x_wconf 87' lang='lat' dir='ltr'>fuisse,</span> <span class='ocrx_word' id='word_1_125' title='bbox 508 2448 556 2509; x_wconf 90' lang='lat' dir='ltr'>vel</span> <span class='ocrx_word' id='word_1_126' title='bbox 567 2456 698 2510; x_wconf 90' lang='lat' dir='ltr'>mentem</span> <span class='ocrx_word' id='word_1_127' title='bbox 711 2450 777 2531; x_wconf 88' lang='lat' dir='ltr'>ejus</span> <span class='ocrx_word' id='word_1_128' title='bbox 788 2449 820 2510; x_wconf 91' lang='lat' dir='ltr'>in</span> <span class='ocrx_word' id='word_1_129' title='bbox 831 2470 887 2511; x_wconf 86' lang='lat' dir='ltr'>sua</span> <span class='ocrx_word' id='word_1_130' title='bbox 895 2448 1090 2512; x_wconf 87' lang='lat' dir='ltr'>translatione</span> <span class='ocrx_word' id='word_1_131' title='bbox 1100 2455 1286 2520; x_wconf 85' lang='lat' dir='ltr'>assecutum,</span> <span class='ocrx_word' id='word_1_132' title='bbox 1395 2468 1396 2473; x_wconf 49' lang='lat'>¹</span> 
     </span>
    </p>
   </div>
   <div class='ocr_carea' id='block_1_12' title="bbox 296 2546 583 2630">
    <p class='ocr_par' dir='ltr' id='par_1_12' title="bbox 296 2546 583 2630">
     <span class='ocr_line' id='line_1_18' title="bbox 296 2546 583 2630; baseline 0 -23"><span class='ocrx_word' id='word_1_133' title='bbox 296 2567 351 2626; x_wconf 88' lang='lat' dir='ltr'>par</span> <span class='ocrx_word' id='word_1_134' title='bbox 362 2554 408 2607; x_wconf 90' lang='lat' dir='ltr'>est</span> <span class='ocrx_word' id='word_1_135' title='bbox 424 2546 583 2630; x_wconf 89' lang='lat' dir='ltr'>conjicere.</span> 
     </span>
    </p>
   </div>
   <div class='ocr_carea' id='block_1_13' title="bbox 292 2645 1396 3125">
    <p class='ocr_par' dir='ltr' id='par_1_13' title="bbox 292 2645 1396 3125">
     <span class='ocr_line' id='line_1_19' title="bbox 336 2645 1396 2735; baseline 0.004 -29"><span class='ocrx_word' id='word_1_136' title='bbox 336 2645 448 2707; x_wconf 80' lang='lat' dir='ltr'>Plures</span> <span class='ocrx_word' id='word_1_137' title='bbox 470 2645 688 2708; x_wconf 72' lang='lat' dir='ltr'>hoereticorum</span> <span class='ocrx_word' id='word_1_138' title='bbox 706 2650 894 2727; x_wconf 66' lang='lat' dir='ltr'>sententiae,</span> <span class='ocrx_word' id='word_1_139' title='bbox 916 2649 996 2735; x_wconf 68' lang='lat' dir='ltr'>eto]</span> <span class='ocrx_word' id='word_1_140' title='bbox 1013 2651 1099 2728; x_wconf 76' lang='lat' dir='ltr'>Quas</span> <span class='ocrx_word' id='word_1_141' title='bbox 1120 2648 1293 2731; x_wconf 84' lang='lat' dir='ltr'>composito</span> <span class='ocrx_word' id='word_1_142' title='bbox 1391 2680 1396 2735; x_wconf 56' lang='lat'>‚⁴</span> 
     </span>
     <span class='ocr_line' id='line_1_20' title="bbox 293 2746 1395 2829; baseline -0.001 -20"><span class='ocrx_word' id='word_1_143' title='bbox 293 2746 522 2829; x_wconf 85' lang='lat' dir='ltr'>praetermisisse</span> <span class='ocrx_word' id='word_1_144' title='bbox 546 2747 576 2809; x_wconf 92' lang='lat' dir='ltr'>in</span> <span class='ocrx_word' id='word_1_145' title='bbox 598 2749 701 2812; x_wconf 91' lang='lat' dir='ltr'>decem</span> <span class='ocrx_word' id='word_1_146' title='bbox 723 2749 917 2814; x_wconf 90' lang='lat' dir='ltr'>collationum</span> <span class='ocrx_word' id='word_1_147' title='bbox 938 2750 1150 2814; x_wconf 89' lang='lat' dir='ltr'>emendatione</span> <span class='ocrx_word' id='word_1_148' title='bbox 1169 2748 1293 2810; x_wconf 91' lang='lat' dir='ltr'>videtur</span> <span class='ocrx_word' id='word_1_149' title='bbox 1393 2808 1395 2829; x_wconf 51' lang='grc' dir='ltr'>Ι</span> 
     </span>
     <span class='ocr_line' id='line_1_21' title="bbox 292 2845 1396 2933; baseline -0.002 -25"><span class='ocrx_word' id='word_1_150' title='bbox 292 2847 400 2910; x_wconf 90' lang='lat' dir='ltr'>beatus</span> <span class='ocrx_word' id='word_1_151' title='bbox 424 2847 686 2931; x_wconf 85' lang='lat' dir='ltr'>archiepiscopus:</span> <span class='ocrx_word' id='word_1_152' title='bbox 714 2850 826 2933; x_wconf 93' lang='lat' dir='ltr'>quippe</span> <span class='ocrx_word' id='word_1_153' title='bbox 854 2871 922 2932; x_wconf 88' lang='lat' dir='ltr'>quae</span> <span class='ocrx_word' id='word_1_154' title='bbox 948 2849 1051 2913; x_wconf 85' lang='lat' dir='ltr'>forsan</span> <span class='ocrx_word' id='word_1_155' title='bbox 1073 2847 1171 2930; x_wconf 88' lang='lat' dir='ltr'>magis</span> <span class='ocrx_word' id='word_1_156' title='bbox 1190 2845 1292 2908; x_wconf 81' lang='lat' dir='ltr'>noxiae</span> <span class='ocrx_word' id='word_1_157' title='bbox 1393 2854 1396 2927; x_wconf 64' lang='lat' dir='ltr'>j</span> 
     </span>
     <span class='ocr_line' id='line_1_22' title="bbox 293 2945 1396 3032; baseline -0.002 -24"><span class='ocrx_word' id='word_1_158' title='bbox 293 2947 455 3011; x_wconf 85' lang='lat' dir='ltr'>lectoribus</span> <span class='ocrx_word' id='word_1_159' title='bbox 480 2947 601 3022; x_wconf 84' lang='lat' dir='ltr'>forent,</span> <span class='ocrx_word' id='word_1_160' title='bbox 633 2970 725 3032; x_wconf 91' lang='lat' dir='ltr'>quam</span> <span class='ocrx_word' id='word_1_161' title='bbox 750 2948 926 3032; x_wconf 86' lang='lat' dir='ltr'>profuturae.</span> <span class='ocrx_word' id='word_1_162' title='bbox 958 2949 1093 3014; x_wconf 84' lang='lat' dir='ltr'>Consule</span> <span class='ocrx_word' id='word_1_163' title='bbox 1122 2946 1294 3009; x_wconf 87' lang='lat' dir='ltr'>doctissimi</span> <span class='ocrx_word' id='word_1_164' title='bbox 1394 2945 1396 2951; x_wconf 81' lang='grc'><strong>’</strong></span> 
     </span>
     <span class='ocr_line' id='line_1_23' title="bbox 294 3046 1396 3125; baseline -0.004 -16"><span class='ocrx_word' id='word_1_165' title='bbox 294 3048 398 3110; x_wconf 86' lang='lat' dir='ltr'>Gazaei</span> <span class='ocrx_word' id='word_1_166' title='bbox 412 3048 508 3110; x_wconf 88' lang='lat' dir='ltr'>nostri</span> <span class='ocrx_word' id='word_1_167' title='bbox 520 3049 552 3111; x_wconf 94' lang='lat' dir='ltr'>in</span> <span class='ocrx_word' id='word_1_168' title='bbox 564 3050 686 3112; x_wconf 89' lang='lat' dir='ltr'>easdem</span> <span class='ocrx_word' id='word_1_169' title='bbox 702 3049 871 3112; x_wconf 90' lang='lat' dir='ltr'>sententias</span> <span class='ocrx_word' id='word_1_170' title='bbox 880 3050 1151 3115; x_wconf 82' lang='lat' dir='ltr'>commentarium.</span> <span class='ocrx_word' id='word_1_171' title='bbox 1169 3046 1227 3108; x_wconf 89' lang='lat' dir='ltr'>hoo</span> <span class='ocrx_word' id='word_1_172' title='bbox 1243 3054 1292 3108; x_wconf 91' lang='lat' dir='ltr'>est</span> <span class='ocrx_word' id='word_1_173' title='bbox 1395 3105 1396 3125; x_wconf 25' lang='lat' dir='ltr'>p</span> 
     </span>
    </p>
   </div>
   <div class='ocr_carea' id='block_1_14' title="bbox 294 3144 1293 3634">
    <p class='ocr_par' dir='ltr' id='par_1_14' title="bbox 294 3144 1293 3634">
     <span class='ocr_line' id='line_1_24' title="bbox 294 3144 1291 3230; baseline -0.002 -22"><span class='ocrx_word' id='word_1_174' title='bbox 294 3149 324 3208; x_wconf 89' lang='lat' dir='ltr'>in</span> <span class='ocrx_word' id='word_1_175' title='bbox 345 3168 412 3230; x_wconf 91' lang='lat' dir='ltr'>cap.</span> <span class='ocrx_word' id='word_1_176' title='bbox 435 3147 475 3209; x_wconf 90' lang='grc'>16</span> <span class='ocrx_word' id='word_1_177' title='bbox 502 3156 533 3212; x_wconf 88' lang='lat' dir='ltr'>et</span> <span class='ocrx_word' id='word_1_178' title='bbox 548 3149 590 3210; x_wconf 82' lang='lat'>17</span> <span class='ocrx_word' id='word_1_179' title='bbox 610 3149 778 3214; x_wconf 90' lang='lat' dir='ltr'>collationis</span> <span class='ocrx_word' id='word_1_180' title='bbox 791 3171 859 3212; x_wconf 88' lang='lat' dir='ltr'>xvrr</span> <span class='ocrx_word' id='word_1_181' title='bbox 879 3150 1009 3212; x_wconf 88' lang='lat' dir='ltr'>Joannis</span> <span class='ocrx_word' id='word_1_182' title='bbox 1023 3145 1175 3212; x_wconf 88' lang='lat' dir='ltr'>Cassiani.</span> <span class='ocrx_word' id='word_1_183' title='bbox 1193 3144 1291 3208; x_wconf 90' lang='lat' dir='ltr'>Porro</span> 
     </span>
     <span class='ocr_line' id='line_1_25' title="bbox 295 3245 1293 3326; baseline -0.004 -17"><span class='ocrx_word' id='word_1_184' title='bbox 295 3247 329 3309; x_wconf 85' lang='lat' dir='ltr'>S.</span> <span class='ocrx_word' id='word_1_185' title='bbox 344 3245 506 3311; x_wconf 85' lang='lat' dir='ltr'>Lanfranci</span> <span class='ocrx_word' id='word_1_186' title='bbox 518 3249 615 3312; x_wconf 86' lang='lat' dir='ltr'>codex</span> <span class='ocrx_word' id='word_1_187' title='bbox 626 3250 730 3314; x_wconf 90' lang='lat' dir='ltr'>decem</span> <span class='ocrx_word' id='word_1_188' title='bbox 743 3250 895 3312; x_wconf 88' lang='lat' dir='ltr'>duntaxat</span> <span class='ocrx_word' id='word_1_189' title='bbox 906 3248 1082 3312; x_wconf 88' lang='lat' dir='ltr'>collationes</span> <span class='ocrx_word' id='word_1_190' title='bbox 1094 3247 1204 3317; x_wconf 85' lang='lat' dir='ltr'>habet,</span> <span class='ocrx_word' id='word_1_191' title='bbox 1222 3245 1293 3326; x_wconf 90' lang='lat' dir='ltr'>quis</span> 
     </span>
     <span class='ocr_line' id='line_1_26' title="bbox 294 3345 1291 3434; baseline -0.003 -26"><span class='ocrx_word' id='word_1_192' title='bbox 294 3347 377 3409; x_wconf 89' lang='lat' dir='ltr'>nulla</span> <span class='ocrx_word' id='word_1_193' title='bbox 391 3355 438 3410; x_wconf 86' lang='lat' dir='ltr'>est</span> <span class='ocrx_word' id='word_1_194' title='bbox 452 3349 585 3432; x_wconf 90' lang='lat' dir='ltr'>capitum</span> <span class='ocrx_word' id='word_1_195' title='bbox 606 3349 776 3413; x_wconf 87' lang='lat' dir='ltr'>distributio</span> <span class='ocrx_word' id='word_1_196' title='bbox 789 3349 886 3434; x_wconf 76' lang='lat' dir='ltr'>(velut</span> <span class='ocrx_word' id='word_1_197' title='bbox 901 3357 933 3413; x_wconf 92' lang='lat' dir='ltr'>et</span> <span class='ocrx_word' id='word_1_198' title='bbox 947 3348 1145 3434; x_wconf 77' lang='lat' dir='ltr'>Dionysiana</span> <span class='ocrx_word' id='word_1_199' title='bbox 1162 3345 1291 3408; x_wconf 88' lang='lat' dir='ltr'>transla-</span> 
     </span>
     <span class='ocr_line' id='line_1_27' title="bbox 296 3444 1291 3534; baseline -0.004 -27"><span class='ocrx_word' id='word_1_200' title='bbox 296 3445 394 3529; x_wconf 83' lang='lat' dir='ltr'>tioni).</span> <span class='ocrx_word' id='word_1_201' title='bbox 410 3448 445 3509; x_wconf 89' lang='lat' dir='ltr'>ln</span> <span class='ocrx_word' id='word_1_202' title='bbox 461 3448 594 3534; x_wconf 86' lang='lat' dir='ltr'>vulgatis</span> <span class='ocrx_word' id='word_1_203' title='bbox 607 3470 695 3524; x_wconf 85' lang='lat' dir='ltr'>vero,</span> <span class='ocrx_word' id='word_1_204' title='bbox 713 3470 749 3519; x_wconf 87' lang='lat' dir='ltr'>ac</span> <span class='ocrx_word' id='word_1_205' title='bbox 768 3449 801 3511; x_wconf 91' lang='lat' dir='ltr'>in</span> <span class='ocrx_word' id='word_1_206' title='bbox 820 3449 1006 3532; x_wconf 86' lang='lat' dir='ltr'>pervetustis</span> <span class='ocrx_word' id='word_1_207' title='bbox 1028 3469 1103 3510; x_wconf 90' lang='lat' dir='ltr'>mss.</span> <span class='ocrx_word' id='word_1_208' title='bbox 1121 3444 1237 3508; x_wconf 85' lang='lat' dir='ltr'>eaedem</span> <span class='ocrx_word' id='word_1_209' title='bbox 1260 3444 1291 3505; x_wconf 86' lang='lat' dir='ltr'>in</span> 
     </span>
     <span class='ocr_line' id='line_1_28' title="bbox 298 3547 1176 3634; baseline -0.001 -27"><span class='ocrx_word' id='word_1_210' title='bbox 298 3547 451 3613; x_wconf 89' lang='lat' dir='ltr'>sexdecim</span> <span class='ocrx_word' id='word_1_211' title='bbox 469 3601 474 3624; x_wconf 86' lang='lat'>‚</span> <span class='ocrx_word' id='word_1_212' title='bbox 489 3557 580 3634; x_wconf 87' lang='lat' dir='ltr'>atque</span> <span class='ocrx_word' id='word_1_213' title='bbox 594 3550 625 3612; x_wconf 92' lang='lat' dir='ltr'>in</span> <span class='ocrx_word' id='word_1_214' title='bbox 641 3550 743 3634; x_wconf 90' lang='lat' dir='ltr'>capita</span> <span class='ocrx_word' id='word_1_215' title='bbox 758 3550 979 3634; x_wconf 89' lang='lat' dir='ltr'>dispertiuntur</span> <span class='ocrx_word' id='word_1_216' title='bbox 990 3547 1176 3612; x_wconf 88' lang='lat' dir='ltr'>collationes.</span> 
     </span>
    </p>
   </div>
   <div class='ocr_carea' id='block_1_15' title="bbox 0 0 1599 5442">
    <p class='ocr_par' dir='ltr' id='par_1_15' title="bbox 0 0 1599 5442">
     <span class='ocr_line' id='line_1_29' title="bbox 0 0 1599 5442; baseline 0 0"><span class='ocrx_word' id='word_1_217' title='bbox 0 0 1599 5442; x_wconf 95' lang='lat' dir='ltr'> </span> 
     </span>
    </p>
   </div>
  </div>
 </body>
</html>
