3184 5442
543 728 660 770 ocosse
683 707 719 770 rn'
740 729 788 770 ae.
815 731 856 770 no
880 729 1025 772 coarnrrr.
1248 713 1289 774 77

293 879 340 935 tos
354 870 408 952 qui
423 876 496 932 sunt
510 867 745 953 Hierosolymis,
772 905 816 915 -
843 867 882 930 Ut
898 890 1081 954 rogaremus
1103 869 1240 957 Titana]
1256 874 1291 936 ln

294 978 423 1045 tantum,
440 966 552 1051 inquit,
571 967 713 1051 largitate
728 986 832 1030 eorum
847 969 1004 1049 provocati
1021 990 1135 1045 sumus,
1153 978 1187 1035 ut
1198 993 1290 1057 roga-

294 1091 394 1134 remus
408 1070 532 1141 Titum;
549 1076 584 1132 ut
602 1069 681 1132 siout
700 1068 792 1151 coepit
808 1068 1022 1151 praedicatione
1038 1078 1069 1134 et
1086 1071 1292 1135 admonitione

295 1191 358 1246 sua,
373 1169 512 1255 perficiat
523 1168 555 1231 in
565 1169 652 1232 vobis
663 1169 806 1254 gratiam,
819 1170 851 1232 id
862 1177 921 1250 est,
933 1170 1107 1256 largitatem
1118 1172 1222 1237 istam.
1248 1210 1293 1221 —

296 1270 392 1334 Scitis
407 1278 491 1332 enim
506 1276 662 1355 gratiam.
679 1267 691 1354 ]
710 1269 808 1347 Quasi
828 1269 942 1334 diceret
966 1295 972 1332 :
1001 1272 1141 1355 Propter·
1156 1294 1291 1337 amorem

296 1369 408 1436 Christi
429 1370 559 1433 libenter
579 1370 697 1433 debetis
711 1369 832 1454 largiri;
857 1371 929 1453 quia
949 1371 1015 1454 ipse
1038 1371 1141 1449 diveS,
1166 1383 1290 1458 propter

295 1493 349 1535 vos
363 1491 482 1555 pauper
497 1469 597 1534 factus
614 1478 671 1534 est.
698 1506 742 1519 -
766 1470 944 1534 Secundum
960 1471 997 1533 id
1008 1472 1102 1558 quod,
1125 1473 1208 1560 eta]
1230 1477 1290 1541 Vel

295 1571 345 1635 ille
356 1572 412 1635 dat
423 1570 587 1633 secundum
602 1570 684 1652 quod
697 1590 758 1632 non
772 1569 881 1646 habet,
901 1571 953 1654 qui
968 1572 1006 1634 de
1021 1573 1154 1655 quinque
1167 1574 1287 1648 solidis,

296 1671 349 1734 dat
362 1676 510 1754 quatuor;
529 1669 609 1752 quod
623 1667 795 1732 faciendum
813 1675 861 1732 est
877 1669 937 1745 illi,
956 1670 1008 1752 qui
1022 1670 1114 1734 habet
1130 1673 1235 1737 decem
1252 1675 1290 1737 li-

296 1771 383 1845 bras,
405 1771 453 1836 vel
469 1769 653 1857 hujusmodi.
673 1769 798 1834 Diceret
816 1769 942 1852 aliquiS,
966 1791 1028 1831 non
1043 1771 1126 1833 valet
1144 1771 1293 1837 siderent

296 1872 461 1935 secundum
479 1870 561 1954 quod
577 1870 731 1933 habeant:
751 1869 800 1933 Illi
818 1869 899 1932 enim
917 1870 1114 1944 Macedones,
1131 1871 1292 1953 plusquam

296 1978 400 2054 posset
419 1990 523 2034 eomm
542 1969 608 2053 pati
627 1968 773 2042 facultas,
798 1969 957 2033 dederunt.
972 1970 1025 2033 Ad
1038 1969 1094 2032 hoc
1116 1972 1289 2052 respondet.

295 2069 328 2133 Si
342 2069 442 2143 enim,
463 2075 523 2132 eto.
543 2068 634 2147 Quod
649 2077 713 2144 est,
736 2070 787 2151 qui
806 2069 873 2132 vult
889 2070 962 2132 dare
977 2070 1142 2133 secundum
1165 2069 1196 2132 id
1212 2071 1293 2153 quod

295 2169 399 2251 habet,
420 2176 565 2252 aceeptus
586 2177 633 2232 est
653 2170 738 2244 Deo,
756 2190 816 2232 non
838 2176 958 2233 tantum
979 2169 1029 2232 ille
1051 2169 1180 2253 quivult
1194 2169 1293 2236 facere

296 2270 375 2335 tiltra
390 2290 484 2354 quam
499 2268 601 2333 habet.
618 2269 675 2332 Vel
694 2269 759 2333 ita:
773 2271 916 2334 volumtas
933 2279 1077 2354 prompta
1095 2269 1193 2336 facere
1213 2274 1293 2337 ultra

297 2391 386 2455 quarn
398 2369 514 2454 possit,
534 2370 699 2434 seeundum
710 2370 742 2433 id
753 2372 835 2453 quod
848 2372 930 2448 vult,
950 2379 998 2435 est
1017 2379 1157 2454 accepta,
1175 2394 1235 2436 non
1247 2395 1293 2438 se-

296 2471 427 2534 cundum
442 2468 474 2531 id
489 2468 657 2552 quodvult,
676 2475 724 2532 est
732 2477 870 2553 accepia,
884 2492 943 2534 non
955 2470 1121 2535 secundum
1138 2474 1220 2556 quod
1234 2495 1291 2557 po·

297 2578 367 2636 test.
394 2607 439 2619 —
468 2568 533 2655 Qui
546 2568 711 2655 multum]
731 2571 793 2649 Qui
816 2571 945 2635 multum
964 2592 1044 2654 saepe
1066 2571 1239 2656 collegerat,
1261 2574 1293 2637 id

297 2676 360 2746 est,
383 2671 513 2754 amplius
534 2689 626 2753 quam
647 2689 807 2754 gomorum
825 2690 885 2732 non
904 2671 1086 2745 abundavit,
1104 2671 1136 2733 id
1151 2680 1213 2746 est,
1232 2693 1292 2734 non

297 2770 365 2853 plus
375 2769 483 2834 habuit
495 2791 588 2853 quam
599 2789 774 2853 gomorum,
795 2776 828 2832 et
842 2770 895 2853 qui
911 2771 1063 2834 modicum
1079 2770 1193 2835 scilicet
1206 2772 1294 2835 colle

297 2876 400 2952 gerat,
417 2870 449 2933 id
467 2875 530 2944 est,
547 2867 647 2932 minus
662 2868 767 2931 habuit
778 2889 871 2951 quam
883 2890 1052 2953 gomorum.
1067 2869 1101 2931 In
1113 2870 1223 2933 Exodo
1237 2891 1292 2933 au-

298 2977 360 3032 tem
375 2969 420 3033 ita
434 2969 562 3033 habetur
576 2992 581 3031 :
597 2966 666 3030 Nec
677 2976 732 3054 qui
736 2967 813 3053 plus
825 2966 1006 3053 eollegerat,
1021 2965 1129 3028 habuit
1140 2967 1293 3052 amplius;

298 3090 354 3130 nee
372 3076 427 3156 qui
441 3075 738 3153 minusparaverat,
761 3073 880 3152 reperit
892 3075 1006 3128 minua.
1033 3101 1072 3112 -
1097 3066 1130 3125 A
1148 3065 1237 3128 nobis
1251 3067 1297 3128 ad

299 3167 427 3232 Domini
437 3166 606 3256 gloriam]
623 3167 717 3233 Ordo.
740 3167 772 3231 A
789 3166 876 3230 nobis
891 3165 1091 3239 destinatam,
1116 3165 1159 3226 ad·
1170 3164 1294 3228 Domini

298 3267 443 3352 gloriam,
467 3274 499 3332 et
522 3268 780 3332 ad‘voluntatem.
807 3303 850 3314 -
873 3266 1059 3328 Devitantes
1081 3262 1174 3351 hoe]
1197 3265 1293 3343 Quasi

297 3366 424 3431 diceret.
450 3368 524 3431 Ideo
541 3366 679 3431 misimus
695 3366 820 3430 fratrem
842 3366 913 3430 boni
935 3364 1099 3429 testimonii
1118 3387 1186 3430 cum
1205 3365 1289 3438 Tito;

298 3487 337 3531 ne
363 3467 432 3551 quis
463 3466 616 3550 vituperet
639 3488 695 3530 nos
724 3466 755 3528 in
783 3467 840 3531 hac
869 3468 1082 3552 eleemosyna;
1111 3467 1214 3530 dicens
1238 3488 1294 3531 nos

298 3587 337 3630 ex
353 3588 391 3630 ea
407 3566 520 3651 aliquid
544 3568 584 3631 ad
603 3573 740 3632 nostrum
759 3587 836 3649 opus
856 3567 996 3631 retinere.
1022 3602 1066 3613 —
1092 3565 1294 3629 Providemns

298 3665 414 3752 enim]
429 3667 516 3744 Ideo,
533 3667 642 3750 inquit,
659 3667 797 3730 misimus
808 3688 871 3742 eos,
886 3687 925 3731 ne
941 3664 1141 3730 ministerium
1157 3673 1294 3730 nostrum

298 3765 497 3849 vituperetur,
517 3766 720 3832 existimando
734 3788 790 3831 nos
805 3789 871 3831 esse
882 3766 974 3840 fures
989 3773 1153 3850 postquam
1164 3765 1295 3829 viderint

298 3872 345 3929 tot
356 3867 454 3928 bonos
470 3867 581 3949 quibus
599 3866 861 3944 accommodatur,
878 3866 927 3928 vel
942 3872 1067 3950 propter
1077 3865 1134 3929 hoc
1146 3864 1295 3928 mittimus

297 3972 355 4038 tot,
374 3985 413 4027 ne
431 3963 568 4030 dicamur
582 3965 734 4051 negligere
747 3964 822 4028 illud
837 3965 986 4029 mittendo
1002 3986 1113 4036 unum,
1138 3973 1170 4027 et
1188 3963 1294 4026 existi-

296 4063 373 4127 mari
388 4083 455 4127 esse
469 4062 533 4137 fur,
549 4066 598 4130 vel
615 4065 767 4150 negligere
785 4064 858 4128 illud
871 4086 878 4126 :
893 4066 1006 4127 bonum
1023 4072 1070 4128 est
1085 4085 1141 4126 nos
1159 4063 1290 4135 evitare,

296 4183 335 4226 ne
345 4163 443 4227 simus
454 4184 548 4229 causa
559 4166 647 4228 malae
658 4164 891 4230 existimationis
906 4186 1009 4229 eorum
1024 4189 1029 4227 :
1045 4170 1076 4227 et
1087 4165 1145 4227 hoc
1155 4171 1201 4225 est
1212 4163 1292 4244 quod

297 4262 385 4341 dicit;
403 4262 607 4327 Providemns
622 4273 704 4327 enim
725 4264 823 4343 bono,
842 4278 900 4328 etc.
928 4301 971 4312 —
997 4264 1058 4326 Pro
1074 4262 1157 4324 Tito.
1175 4261 1186 4344 ]
1209 4260 1293 4324 Dicit
