3184 5442
292 721 357 782 :ts-2
670 743 700 783 n.
728 745 900 786 nonrmncr

293 904 359 944 men
375 883 481 966 patriS,
500 890 637 967 resurget
652 882 681 944 in
698 890 802 966 patre:
821 882 1012 965 inquantum
1028 883 1154 966 sanguis
1168 885 1285 954 matris,

294 989 431 1066 resurget
442 982 473 1044 in
485 989 593 1044 matre.

337 1084 379 1145 D.
395 1083 504 1160 Qualia
515 1103 643 1165 corpora
652 1082 728 1166 justi
737 1082 906 1145 habebuntl
925 1117 968 1127 -
985 1081 1032 1143 M.
1048 1082 1239 1145 Immortalis
1258 1098 1288 1144 et

293 1182 541 1265 incorruptibilia,
556 1190 588 1245 et
601 1189 636 1245 ut
646 1183 838 1265 splendidum
850 1182 962 1245 vitrum
978 1180 1144 1264 perlucida.
1155 1183 1288 1266 Reprobi

293 1301 414 1362 quoque
430 1281 568 1343 similiter
582 1281 775 1356 immortalia,
795 1282 938 1364 quoniam
954 1280 1019 1343 sine
1044 1282 1105 1343 fine
1122 1281 1238 1366 jugiter
1259 1283 1287 1344 in

294 1389 391 1440 morte
405 1379 554 1454 dolentia;
568 1388 599 1443 et
608 1380 846 1464 incorruptibilia
855 1381 885 1442 in
895 1380 951 1442 boc
971 1380 1134 1461 quodcum
1151 1382 1288 1444 omnibus

294 1479 391 1561 poenis
403 1479 582 1554 afficiantur,
600 1502 660 1543 non
675 1489 906 1553 consumantur;
916 1481 971 1544 sed
986 1488 1107 1543 tantum
1117 1483 1284 1544 tenebrosa.

343 1777 396 1840 12.
426 1779 473 1840 De
476 1780 601 1863 judicio
616 1782 743 1866 ejusque
756 1784 1014 1840 eircurrzstarztiis.

340 1880 382 1941 D.
401 1880 470 1957 Qua
481 1881 555 1942 hora
570 1881 622 1961 fiet
628 1879 792 1965 judiciuml
805 1915 844 1926 -
856 1879 900 1940 M.
913 1874 1018 1939 Media
1028 1883 1130 1950 nocte,
1145 1897 1207 1958 qua
1220 1876 1291 1938 hora

299 1979 438 2062 Angelus
453 1981 630 2065 AEgyptum
647 1978 832 2056 devastavit,
848 1986 879 2040 et
893 1974 1044 2040 Dominus
1058 1971 1210 2037 infernum
1222 1997 1290 2058 spo·

296 2078 393 2153 liavit,
407 2102 444 2144 ea
455 2082 530 2143 hora
545 2081 657 2143 electus
671 2100 741 2142 suos
751 2080 788 2141 de
804 2079 860 2141 hoc
876 2077 989 2139 mundo
1004 2075 1155 2138 liberabit.

340 2182 381 2243 D.
398 2182 535 2259 Qualiter
550 2181 651 2244 veniet
672 2181 824 2244 Dominus
839 2181 879 2242 ad
890 2176 1053 2264 judiciumt
1082 2213 1117 2223 -
1136 2178 1184 2239 M.
1207 2178 1292 2240 Sicut

296 2301 363 2342 cum
377 2282 546 2363 imperator
557 2282 748 2366 ingressurus
764 2287 811 2342 est
833 2278 1005 2349 civitatem;
1027 2297 1140 2340 corona
1161 2279 1238 2363 ejus,
1261 2285 1292 2340 et

297 2380 357 2441 alia
371 2380 500 2463 insignia
514 2379 724 2463 praeferuntur,
739 2400 795 2461 per
807 2400 874 2462 quae
884 2379 1034 2442 adventus
1048 2379 1115 2462 ejus
1135 2379 1290 2462 cognosci-

297 2486 361 2539 tur:
379 2479 428 2540 Ita
442 2478 582 2541 Christus
593 2480 622 2540 in
639 2500 675 2541 ea
688 2479 785 2542 forma
806 2501 867 2563 qua
886 2477 1032 2550 aseendit,
1046 2497 1117 2539 cum
1128 2477 1292 2541 Ordinibus

298 2575 436 2638 omnibus
442 2577 631 2661 Angelorum
643 2580 683 2642 ad
692 2579 840 2664 judicium
851 2579 963 2643 veniet:
974 2577 1088 2661 Angeli
1098 2598 1220 2641 crucem
1230 2579 1292 2663 ejus

297 2674 429 2739 ferentes
442 2678 607 2760 praeibnnt;
622 2689 757 2745 mortuos
772 2684 846 2745 tuba
860 2689 891 2745 et
903 2701 977 2744 voce
998 2680 1028 2741 in
1050 2699 1210 2742 occursum
1230 2680 1292 2764 ejus

299 2775 485 2853 excitabunt,
501 2780 603 2842 omnia
619 2781 770 2844 elementa
784 2781 996 2851 turbabuntur,
1020 2785 1206 2859 tempestate
1219 2777 1293 2861 ignis

299 2886 331 2940 et
340 2876 460 2962 frigoris
475 2879 595 2943 mixtim
609 2880 743 2963 undique
755 2879 891 2951 furente3
907 2886 941 2942 ut
951 2876 1073 2940 dicitur:
1098 2907 1110 2929 «ι
1128 2878 1214 2961 Ignis
1226 2885 1293 2940 ante

298 2979 399 3061 ipsum
410 2981 581 3062 praecedet,
601 2990 632 3043 et
645 2981 676 3042 in
692 2981 821 3044 circuitu
839 2981 905 3063 ejus
920 2987 1089 3061 tempestas
1104 2978 1229 3041 valida„
1245 2990 1293 3039 :et

300 3077 382 3141 alibi:
403 3110 414 3132 «
428 3080 581 3164 Pugnabit
592 3079 673 3143 orbis
685 3089 836 3143 terrarum
850 3100 906 3162 pro
918 3101 954 3142 eo
966 3085 1072 3141 contra
1082 3076 1266 3143 insensatos.
1278 3109 1289 3129 n

344 3181 385 3243 D.
403 3181 472 3244 Erit
479 3180 625 3266 judicium
635 3182 665 3243 in
677 3181 757 3243 valle
774 3179 946 3263 Josaphatt
965 3214 1004 3225 -
1021 3178 1068 3240 M.
1090 3179 1191 3242 Vallis
1205 3181 1295 3242 Josa·

299 3280 375 3362 phat
387 3280 495 3345 dicitur
510 3282 598 3344 vallis
610 3281 725 3367 judicii.
735 3280 834 3344 Vallis
850 3288 897 3343 est
912 3299 1032 3361 semper
1041 3278 1135 3362 juxta
1147 3288 1294 3343 montem.

301 3380 399 3444 Vallis
414 3390 461 3445 est
471 3382 520 3444 hic
535 3383 676 3456 mundus,
701 3403 788 3444 mons
812 3391 859 3444 est
875 3381 995 3457 eoelum.
1023 3379 1059 3441 In
1078 3377 1159 3440 valle
1176 3400 1250 3463 ergo
1265 3379 1298 3440 fit

299 3481 456 3562 judicium,
469 3481 499 3544 id
511 3490 569 3556 est,
587 3488 617 3545 in
628 3484 687 3546 isto
704 3484 827 3556 mundo,
842 3481 957 3545 seilicet
968 3479 1000 3541 in
1016 3497 1097 3553 aere,
1111 3478 1164 3540 ubi
1174 3478 1250 3563 justi
1261 3479 1299 3541 ad

302 3580 460 3644 dexteram
466 3581 589 3657 Christi,
600 3592 634 3646 ut
644 3605 727 3656 ovea,
736 3589 924 3654 statuentur;
938 3577 1025 3661 impii
1033 3586 1149 3651 autem,
1158 3586 1195 3641 ut
1203 3578 1295 3650 hoedi,

302 3679 342 3739 ad
356 3679 509 3744 sinistram
522 3694 683 3765 ponentur.

346 3777 388 3839 D.
399 3780 560 3855 Quomodo
577 3784 617 3844 ad
631 3782 791 3844 dexteram
806 3782 854 3844 vel
868 3780 1039 3844 sinistraml
1053 3780 1148 3842 -Μ,
1161 3779 1217 3841 Ad
1228 3779 1300 3840 dex-

302 3883 411 3951 teram,
431 3879 555 3952 scilieet,
577 3900 697 3942 sursum
707 3879 738 3941 in
753 3880 867 3964 gloria;
882 3880 922 3942 ad
937 3879 1103 3956 sinistram,
1116 3879 1261 3942 deorsum
1270 3878 1299 3940 in

303 3985 392 4038 terra.
404 3977 485 4040 Justi
508 3978 587 4040 enim
609 3977 737 4060 geminis
760 3980 817 4043 alis
838 3978 995 4044 charitatis
1012 3980 1052 4043 ad
1071 3979 1134 4042 alta
1158 3979 1299 4043 subleva·

302 4077 432 4148 buntur;
451 4086 486 4141 ut
503 4077 627 4140 dieitur:
643 4110 654 4130 «-
669 4079 775 4142 Sancti
790 4087 913 4143 sument
927 4101 1043 4162 pennas
1056 4087 1091 4142 nt
1105 4079 1227 4161 aquilae.
1239 4080 1300 4142 lm-

303 4177 345 4260 pii
362 4183 464 4239 autem
489 4178 621 4260 peccatis
643 4185 678 4241 ut
706 4180 862 4261 plumbum
882 4180 920 4241 ad
943 4188 1080 4256 terrena,
1106 4179 1216 4261 quibus
1237 4186 1300 4241 toto

304 4278 393 4340 eorde
409 4277 601 4354 inhaeserant,
622 4281 761 4342 deorsum
773 4279 991 4361 deprimentur.
