3184 5442
365 735 428 797 156
749 756 780 796 o.
807 755 982 798 nnnrnancr

364 897 416 960 riae
434 897 593 978 appetitu,
618 902 744 979 peccata
765 905 818 960 tua
838 897 974 960 confiteri
992 918 1084 980 quam
1097 900 1174 962 tueri
1190 901 1361 967 maluisses.

408 996 499 1074 Quod
510 1016 582 1059 vero
599 997 782 1059 sententiam
801 1016 984 1078 quapanem
1002 994 1034 1057 in
1044 1017 1147 1060 veram
1164 999 1278 1066 Christi
1293 1024 1363 1067 car-

364 1117 434 1159 nem
448 1149 454 1171 ,
469 1104 501 1159 et
511 1096 616 1159 vinum
630 1094 663 1157 in
677 1116 783 1158 verum
800 1094 914 1159 Christi
925 1096 1103 1179 sanguinem
1114 1100 1250 1163 converti
1263 1103 1363 1166 credi-

365 1217 449 1268 muS.
463 1195 635 1259 vecordiam
646 1194 785 1257 nominas
794 1195 833 1258 de
844 1194 901 1259 hao
915 1215 949 1258 re
960 1197 1160 1279 opportunius
1172 1199 1228 1262 tibi
1239 1221 1364 1284 respon-

366 1298 460 1371 debo,
477 1318 546 1361 oum
562 1298 653 1360 fidem
666 1297 742 1359 hanc
754 1304 878 1359 auctore
889 1297 975 1374 Deo,
988 1296 1098 1360 divinis
1110 1300 1361 1385 auctoritatibuS‚

366 1403 398 1458 et
422 1395 592 1460 manifestis
613 1396 780 1460 rationibus
802 1417 907 1460 veram
929 1417 996 1459 esse
1018 1407 1239 1464 monstravero.
1265 1402 1365 1465 Porro

366 1503 470 1559 autem
487 1498 570 1580 quod
592 1495 688 1560 dicis:
710 1527 724 1551 ιι
741 1499 819 1560 Erat
839 1505 942 1560 autem
963 1497 1149 1582 Burgundus
1166 1499 1196 1561 in
1211 1504 1366 1566 sententia

366 1596 469 1680 vulgi,
487 1596 661 1670 Pasclrasii‚
679 1604 772 1679 atque
784 1593 947 1659 Lanfranoi
966 1629 979 1650 ι»
994 1647 1001 1671 ,
1019 1619 1069 1660 me
1080 1598 1175 1662 etiam
1191 1621 1261 1663 cum
1271 1602 1364 1687 vulgo

367 1697 497 1779 deputas
518 1748 524 1771 ‚
553 1696 757 1762 certissimum
785 1697 897 1760 habeto
922 1704 982 1773 tu,
1006 1698 1213 1764 indubitanter
1238 1702 1366 1766 credant
1404 1703 1407 1708 ’

367 1797 457 1861 amici
483 1799 565 1872 mei,
588 1806 680 1882 atque
700 1798 840 1862 Ecclesia
856 1797 992 1875 Christi,
1009 1799 1082 1883 quia
1107 1802 1134 1864 si
1159 1801 1253 1865 etiam
1281 1803 1366 1866 dees

368 1906 416 1963 set
444 1899 518 1962 mihi
544 1898 733 1974 auctoritas,
756 1905 849 1982 atque
878 1899 981 1975 ratic,
1012 1900 1122 1983 quibus
1147 1903 1239 1965 fidem
1264 1924 1367 1967 meam

346 2001 348 2005 ’
369 2000 446 2064 tueri
460 2021 600 2083 possem:
615 1999 737 2063 mallem
762 2008 866 2063 tamen
890 2021 958 2063 cum
977 2000 1068 2085 vulgo
1089 2022 1157 2064 esse
1184 2005 1316 2067 rusticus
1335 2012 1368 2068 et

318 2164 320 2167 .
369 2100 463 2164 idiota
491 2101 673 2174 catholicus,
699 2121 800 2183 quam.
819 2107 919 2164 tecum
946 2101 1076 2164 existere
1105 2101 1245 2177 curialia,
1272 2112 1367 2188 atque

369 2199 485 2265 facetus
499 2202 667 2266 haereticus·
691 2202 754 2264 Sed
774 2201 799 2263 si
821 2202 972 2265 Dominus
989 2202 1075 2266 Deus
1095 2210 1142 2276 te,
1160 2213 1252 2286 atque
1268 2225 1318 2268 me
1336 2205 1367 2266 in

370 2301 525 2365 audientia
542 2302 639 2365 sancti
654 2300 772 2364 concilii
787 2302 964 2386 dignaretur
982 2295 1182 2389 conjungere:
1201 2304 1240 2366 de
1251 2303 1368 2388 pietate

370 2401 436 2485 ejus
449 2401 565 2463 confido
580 2452 586 2476 ,
606 2401 677 2483 quia
687 2408 822 2463 mutares
830 2403 941 2478 verba,
956 2409 1091 2487 mutares
1103 2403 1297 2488 sententiam.

414 2502 557 2564 Benene.
579 2529 592 2554 «
618 2501 721 2579 Quam
743 2502 928 2565 sententiam
953 2503 1159 2587 superioribus
1185 2504 1249 2566 suis
1267 2504 1370 2568 verbis

370 2602 421 2665 ille
435 2602 501 2684 ipse
514 2600 642 2686 dejecit,
658 2622 713 2664 nec
729 2601 872 2664 attendit.
896 2633 908 2654 n

414 2703 534 2765 Laura.
561 2703 643 2766 Dum
658 2700 822 2765 insatiabili
834 2703 903 2765 odio
915 2703 1001 2767 illum
1016 2703 1185 2787 insequeris
1201 2756 1207 2780 ‚
1222 2711 1255 2768 te
1268 2704 1368 2788 ipsum

371 2803 500 2886 turpiter
511 2801 660 2867 infamare
671 2802 796 2865 minime
809 2803 972 2867 erubescis.
992 2804 1138 2888 Quisquis
1153 2804 1232 2868 enim
1245 2812 1370 2869 contra-

366 2905 417 2968 'ria
432 2906 516 2991 jurat
534 2925 608 2968 vera
627 2924 711 2977 esse,
734 2923 859 2966 necesse
875 2910 923 2968 est
944 2903 975 2965 in
992 2904 1138 2967 altemtro
1161 2905 1286 2991 perjurii
1310 2906 1370 2970 cri-

371 3025 442 3066 men
456 3004 603 3069 incurrat.
617 3006 701 3089 Ergo
713 3024 782 3067 cum
793 3005 887 3067 verba
902 3004 941 3066 ad
947 3006 1111 3091 jurandum
1127 3005 1182 3070 tibi
1197 3005 1311 3070 tradita
1321 3005 1370 3068 in·

373 3120 420 3174 ter
434 3131 467 3174 se
486 3109 639 3174 contraria
651 3131 718 3173 esse
733 3116 874 3173 astruas:
893 3108 1056 3172 manifesta
1075 3130 1150 3174 voce
1172 3111 1328 3197 perjurum
1340 3117 1372 3174 te

372 3231 440 3274 esse
455 3211 648 3294 impudenter
666 3209 847 3294 proclamas
864 3209 893 3274 Ο
917 3208 1023 3272 infelix
1038 3209 1130 3272 homo
1144 3211 1150 3272 !
1166 3231 1184 3273 o
1199 3210 1372 3274 miserrima

372 3311 493 3373 animal
519 3332 572 3375 cur
594 3318 624 3373 te
645 3311 767 3373 credere
787 3311 930 3385 iurabaS,
955 3331 1024 3392 quae
1049 3315 1210 3394 tantopere
1235 3310 1315 3374 inter
1338 3332 1372 3374 se

374 3409 518 3472 dissidere
541 3409 748 3492 intelligebat
761 3409 872 3472 Nonne
886 3411 1052 3493 praestabat
1075 3409 1217 3472 siveram
1234 3409 1327 3472 fidem
1340 3416 1372 3473 te

374 3508 487 3571 habere
502 3509 656 3590 putabas,
681 3508 778 3571 vitam
800 3509 928 3573 honesta
948 3510 1167 3586 monterione,
1186 3530 1279 3593 quam
1299 3529 1372 3592 per-

369 3607 484 3693 jurium
495 3605 610 3680 facere,
623 3607 780 3691 perfidiam
787 3608 907 3692 jurare,
921 3610 1012 3672 fidem
1028 3611 1167 3696 abjurare
1178 3608 1184 3670 l
1197 3609 1262 3673 Sed
1273 3608 1369 3684 absit.

373 3715 409 3770 ut
430 3705 580 3790 scriptura
606 3706 703 3770 sancti
726 3707 843 3770 concilii
867 3706 970 3791 aliqua
990 3709 1070 3773 inter
1091 3731 1126 3774 se
1148 3708 1373 3775 contrarietatis

374 3807 565 3890 oppositione
576 3807 739 3880 dissideat,
751 3806 778 3869 si
788 3814 905 3871 remoto
917 3808 1122 3873 calumniandi
1133 3809 1234 3874 studio
1245 3808 1374 3894 diligens

373 3906 468 3970 lector
482 3908 522 3970 ad
535 3907 763 3993 intelligendum
777 3928 884 3972 curam
904 3909 1073 3994 impendat.
1094 3912 1138 3976 Et
1153 3911 1211 3976 ho'c
1222 3909 1377 3995 posterius

375 4007 502 4090 patebit.
