3184 5442
410 681 452 742 96
769 682 820 736 ὀ.
845 695 1019 738 mnrmncr

410 839 603 903 Scandalum
620 843 734 900 crucis.
753 835 764 924 ]
779 835 871 913 Quod
884 843 1010 920 propter
1027 854 1084 900 vos
1104 837 1229 921 pertulit
1245 837 1404 918 christus,
1487 860 1489 865 ·

409 939 483 1004 nihil
498 941 624 1024 prodest
638 936 743 1012 vobis,
760 935 787 999 si
804 935 978 1000 circumcidi
992 933 1106 1000 velitis.
1135 972 1176 986 -
1200 936 1408 1007 Abscindone

410 1052 471 1102 tur.
486 1075 527 1088 -
542 1039 579 1103 Id
593 1048 653 1114 est,
670 1035 908 1101 eunuchizentur
921 1056 941 1098 a
956 1034 1045 1099 maiis
1059 1036 1206 1113 moribus,
1222 1059 1262 1101 ne
1276 1041 1409 1125 amphus

410 1146 557 1224 generent
569 1137 600 1200 in
612 1137 727 1201 maium
741 1134 917 1202 :nonenim
931 1142 1044 1199 vocant
1054 1156 1111 1200 vos
1121 1137 1203 1201 adid
1212 1139 1296 1222 quod
1306 1143 1409 1206 vocati

410 1238 500 1314 estiS,
519 1238 552 1300 id
569 1245 633 1312 est,
650 1237 690 1300 ad
709 1235 900 1309 libertatem,
917 1234 972 1299 sed
991 1235 1032 1298 ad
1052 1236 1244 1302 servitutem.
1271 1275 1313 1288 -
1342 1240 1410 1303 Vos

410 1345 493 1400 enim
514 1334 698 1399 libertatem.
715 1332 822 1420 ]Quia
837 1354 895 1397 nec
913 1333 1118 1411 circumc-isio,
1136 1357 1194 1401 nec
1212 1337 1279 1401 aliae
1293 1339 1409 1424 legales

410 1435 638 1500 ohservationes
652 1439 806 1499 curantur.
833 1469 874 1482 -
900 1431 964 1495 Per
979 1432 1180 1500 charitatem.
1195 1435 1317 1523 ]Quasi
1329 1439 1411 1505 dioe-

411 1544 459 1601 ret
472 1537 538 1600 sola
548 1535 682 1600 charitas
689 1540 794 1617 potest
808 1553 866 1596 nos
879 1532 1010 1608 salvare,
1024 1542 1130 1618 spreta
1139 1537 1252 1601 cumali
1266 1539 1411 1604 observa-

410 1636 509 1710 tione;
528 1643 561 1700 et
574 1635 674 1699 reddit
692 1654 818 1698 causam
837 1632 961 1706 dicens;
978 1633 1052 1716 quia
1065 1635 1164 1700 omnis
1177 1637 1229 1700 lex
1243 1637 1407 1704 dilectione

412 1736 570 1820 impletum
589 1741 621 1798 et
634 1733 692 1797 hac
706 1731 865 1798 occasione
876 1731 1010 1796 breviter
1023 1732 1167 1817 exponit,
1182 1756 1250 1818 quae
1262 1736 1363 1802 vitare
1377 1746 1411 1804 et

414 1856 483 1920 quae
506 1854 628 1899 servare
646 1834 778 1897 debeant
798 1830 963 1895 Christiani
985 1853 1042 1916 pro
1064 1835 1215 1899 servanda
1231 1835 1406 1902 charitate:

415 1935 526 2021 quibus
541 1933 672 2020 expletis
688 1934 727 1996 ad
743 1931 929 2016 superiorem
948 1931 1181 1998 circumcisionis
1196 1936 1277 2001 redit
1294 1945 1411 2003 tractu·

312 2120 315 2125 .
414 2045 492 2100 tum.
518 2070 561 2083 -
585 2033 706 2120 Spiritu
715 2030 883 2094 ambulate.
899 2030 965 2116 ]Et
975 2030 1048 2114 quia
1057 2051 1118 2094 non
1133 2033 1245 2099 sufficit
1255 2036 1411 2102 abstinere

412 2157 433 2199 a
446 2135 537 2209 malo,
551 2133 609 2196 nisi
620 2133 675 2195 fiat
685 2133 812 2203 bonum,
827 2129 981 2214 sequitor;
995 2137 1110 2217 spiritu
1125 2130 1294 2211 ambulate,
1307 2143 1341 2201 et
1351 2137 1408 2201 ha-

410 2233 521 2298 hebitis
531 2232 589 2296 hoc
600 2231 779 2315 proficuum,
792 2229 874 2312 quod
886 2229 1037 2293 desideria
1048 2231 1147 2295 carnis
1158 2253 1217 2295 non
1232 2236 1406 2318 perficietis.

409 2335 454 2396 Et
467 2331 569 2396 subdit
583 2350 654 2406 cur,
667 2329 821 2393 contraria
834 2349 894 2391 non
909 2337 981 2393 sunt
996 2352 1003 2392 :
1019 2337 1051 2393 et
1064 2331 1153 2414 ponit
1166 2333 1410 2418 designationem

410 2431 440 2492 in
455 2428 531 2492 libro
550 2450 557 2490 ε
575 2427 632 2491 hoc
647 2427 728 2490 enim
748 2427 808 2490 sibi
828 2427 958 2491 invicem
979 2452 984 2490 :
1004 2436 1036 2492 et
1053 2432 1181 2513 probat,
1199 2432 1273 2516 quia
1294 2454 1409 2499 concu-
1437 2472 1439 2477 ·

411 2527 533 2612 piscunt
555 2527 717 2590 adversum
740 2547 790 2602 se,
820 2547 840 2589 a
866 2526 979 2611 specie.
1004 2563 1050 2576 —
1074 2527 1159 2591 Caro
1179 2533 1411 2620 concupiscit]

413 2626 510 2706 Quasi
528 2626 652 2692 diceret.
669 2627 743 2691 Ideo
756 2626 916 2710 utriusque
934 2628 1086 2694 desideria
1098 2651 1159 2692 non
1172 2631 1302 2715 potestis
1315 2634 1409 2716 perfi-

411 2747 490 2800 cere;
501 2725 573 2810 quia
584 2725 735 2790 contraria
743 2726 824 2790 inter
834 2747 867 2790 se
879 2732 963 2792 sunt.
975 2729 1019 2793 Et
1029 2729 1086 2794 hoc
1100 2736 1172 2813 apte
1183 2731 1298 2814 repetit
1304 2733 1410 2796 subse-

412 2848 510 2913 quens
524 2849 532 2890 ι
545 2825 613 2889 liceo
623 2835 706 2890 enim
716 2826 778 2890 sibi
787 2835 920 2891 invicem
931 2827 1151 2909 adversantur,
1165 2842 1224 2894 etc.
1247 2866 1290 2879 -
1317 2829 1415 2915 Quod

411 2935 441 2990 si
453 2933 567 3013 spiritu
581 2925 742 2991 ducimini.
756 2927 813 3014 ]Id
828 2935 894 3003 est,
913 2928 940 2992 si
953 2929 1088 3014 Spiritus
1096 2922 1220 2993 sanctus
1232 2930 1409 2994 moderatur

411 3026 509 3102 vobis,
520 3027 620 3113 legem
629 3029 1044 3095 camaiiternonohservatis.
1055 3030 1113 3094 Vel
1124 3030 1404 3116 legemnonsequi·

411 3127 485 3191 mini
495 3128 565 3212 plus
573 3127 834 3213 facienteS‚'quam
842 3130 894 3195 iex
904 3114 1021 3217 jubeaf.
1049 3167 1088 3181 -
1112 3129 1294 3218 Manifesta
1304 3143 1409 3194 autem

410 3240 485 3291 runt
499 3250 596 3314 opera
610 3237 728 3292 earnis
743 3228 755 3316 ]
769 3230 885 3295 Probat
900 3230 973 3314 quia
987 3253 1047 3295 non
1059 3231 1217 3316 perficient
1230 3251 1325 3314 opera
1337 3252 1405 3296 car-

411 3325 471 3400 nis,
487 3327 559 3409 quia
569 3327 640 3403 ista,
653 3337 686 3394 et
695 3329 756 3392 ista
770 3336 843 3393 sunt
856 3351 949 3415 opera
963 3331 1079 3405 carnis;
1098 3331 1154 3395 sed
1167 3330 1225 3394 hoc
1239 3351 1299 3393 non
1314 3331 1409 3414 perfi-

412 3421 502 3486 cient.
515 3425 558 3487 Et
573 3422 630 3488 hoc
650 3433 698 3489 est
714 3426 795 3508 quod
809 3426 883 3491 dicit
898 3449 906 3490 ε
925 3437 979 3514 qui
992 3442 1096 3492 autem
1110 3425 1186 3493 oun't
1202 3429 1335 3509 Christi,
1349 3443 1409 3494 etc.

412 3555 456 3569 -
479 3519 616 3582 Fructus
627 3535 730 3585 autem
741 3527 885 3609 spiritus.
899 3524 911 3610 ]
922 3528 965 3590 Et
976 3526 1003 3590 si
1016 3526 1125 3619 spiritu
1134 3530 1299 3605 ambulent,
1317 3550 1410 3615 opere

412 3617 537 3702 spiritus
551 3616 680 3696 facient;
695 3619 769 3704 quia
777 3621 970 3698 charitatem,
985 3631 1043 3690 etc.

834 3937 903 3980 CAP.
929 3939 974 3981 w.

457 4121 495 4185 Si
507 4138 757 4211 proeoccupatus
772 4126 864 4190 homo
865 4125 984 4213 fuerit.
1004 4126 1079 4213 ]lta
1093 4129 1210 4194 instrue
1227 4150 1266 4192 ne
1283 4139 1410 4214 propter

412 4220 641 4295 instructionem
665 4225 835 4303 extollaris,
854 4235 885 4290 et
904 4228 996 4291 cadas
1015 4227 1045 4290 in
1067 4229 1187 4294 vitium.
1205 4229 1280 4309 Vol,
1301 4230 1408 4294 leniter
