3184 5442
392 717 479 758 nmen
504 718 542 758 oa
565 717 760 758 conponam
784 717 873 757 sanc.
902 716 1024 757 bonini.
1142 695 1206 758 185
1305 774 1307 781 Ι

210 876 310 939 neque
320 855 445 919 bibituri
457 857 635 940 sangninem
647 877 737 939 quem
749 855 958 939 crucifigentes
966 863 1054 919 erant
1064 854 1184 920 effusuri
1194 858 1203 918 l

210 955 407 1019 Calumniosa
428 956 549 1038 quidem
572 956 632 1020 ista
656 957 785 1043 objectio
806 963 863 1020 est.
884 955 946 1033 Qui
966 955 1047 1018 enim
1068 959 1207 1039 superius

211 1063 344 1120 testatus
360 1064 407 1120 est
422 1057 504 1139 quod
515 1077 635 1120 carnem
649 1079 741 1141 quam
757 1058 794 1120 de
807 1064 905 1119 matre
915 1054 1043 1138 Virgine
1058 1058 1203 1140 sumpsit,

211 1157 288 1221 etin
305 1157 410 1240 quain
426 1156 514 1220 terris
529 1157 697 1221 ambulavit
711 1159 751 1220 ad
766 1156 1010 1219 manducandum
1021 1156 1108 1220 nobis
1121 1159 1205 1221 salu-

210 1256 304 1319 briter
315 1255 432 1330 tribuit,
448 1257 600 1339 quomodo
615 1256 684 1319 huic
696 1267 762 1320 tarn
773 1257 925 1340 praeclarae
934 1255 1091 1319 sententiae
1103 1256 1205 1340 aliqua

211 1355 362 1419 contraria
376 1355 527 1419 sententia
542 1356 642 1439 potuit
658 1356 796 1419 obviaret
816 1355 909 1420 Absit
924 1376 943 1418 a
959 1355 1058 1418 sobrio
1072 1356 1201 1431 lectore,

212 1463 244 1518 et
267 1455 415 1519 catholico
439 1455 611 1537 expositore
631 1463 695 1519 tam
716 1476 859 1538 perverse
875 1454 987 1518 sentire
1005 1456 1043 1518 de
1062 1457 1207 1521 Ecclesioe
1305 1446 1307 1450 ¹

211 1555 361 1630 columna,
377 1554 415 1617 de
429 1556 619 1619 firmamento
633 1556 785 1636 veritatiS,
800 1556 838 1618 de
849 1553 1103 1637 quo'Caelestinus
1117 1557 1205 1641 Papa

211 1654 242 1716 in
254 1654 383 1717 decretis
394 1654 456 1718 suis
468 1654 588 1731 asserit,
604 1656 686 1738 quod
697 1676 752 1719 neo
764 1655 875 1718 saltem
887 1653 1016 1717 sinistrae
1027 1655 1206 1737 suspicionis

211 1775 315 1816 rumor
328 1754 400 1817 dum
414 1755 532 1819 viveret
547 1776 617 1819 eum
636 1756 812 1839 asperserit.
833 1756 932 1817 Immo
952 1775 1059 1818 revera
1076 1755 1108 1818 id
1127 1756 1207 1821 dixit

213 1854 295 1935 quod
313 1854 461 1919 catholica
484 1855 623 1921 Ecclesia
639 1856 670 1919 in
686 1856 826 1919 omnibus
841 1855 986 1918 membris
1001 1854 1065 1917 suis
1080 1854 1209 1919 fideliter

212 1952 339 2026 latetur,
364 1963 395 2018 et
415 1955 525 2028 credit;
551 1958 633 2039 quod
654 1979 711 2040 ego
735 1976 857 2038 quoque
877 1954 908 2016 in
926 1953 1115 2038 professione
1137 1954 1207 2018 fidei

211 2053 345 2118 breviter
368 2055 508 2137 superius
528 2057 630 2140 posui,
653 2057 786 2120 breviter
808 2055 1037 2138 comprehendi,
1066 2055 1208 2119 videlicet

213 2155 314 2236 ipsum
327 2175 395 2218 esse
406 2176 526 2238 corpus,
542 2165 573 2221 et
588 2178 649 2219 non
663 2158 773 2240 ipsum.
790 2156 902 2239 Neque
917 2155 997 2218 enirn
1014 2177 1061 2231 eo,
1076 2177 1136 2239 quo
1150 2156 1207 2239 ipsi

212 2256 362 2337 putabant
381 2256 471 2318 modo
491 2257 642 2320 credimus
659 2258 741 2340 quod
755 2256 873 2320 visibile
893 2255 1006 2320 Christi
1025 2276 1134 2339 corpus
1154 2277 1206 2320 co·

212 2355 385 2430 medamuS,
406 2363 460 2418 aut
474 2357 651 2439 sanguinem
664 2377 756 2439 quem
770 2354 883 2428 fusuri,
903 2363 935 2419 et
949 2355 1044 2418 oculis
1058 2355 1120 2419 suis
1133 2377 1207 2421 con-

213 2454 344 2534 specturi
354 2462 441 2518 erant
450 2462 666 2538 persequentes
677 2455 825 2519 bibamus.
841 2456 903 2520 Sed
910 2455 1049 2538 potiusid
1058 2455 1208 2519 oredimus

213 2554 294 2634 quod
310 2575 371 2617 non
388 2554 542 2630 videmus,
568 2564 603 2620 ut
623 2558 725 2620 valeat
741 2579 808 2621 esse
826 2559 917 2632 fides,
941 2578 1010 2640 quae
1029 2578 1089 2619 non
1104 2564 1209 2637 potest

214 2673 292 2728 esse,
309 2656 395 2718 sires
407 2676 474 2738 quae
490 2657 653 2722 creduntur
667 2659 872 2741 corporalibus
886 2659 1023 2721 sensibus
1039 2656 1209 2722 constiterit

216 2755 380 2839 subjacere,
408 2757 499 2820 Unde
527 2779 682 2841 exponens
703 2759 785 2842 quod
803 2760 928 2822 obscure
944 2757 1066 2840 posuit:
1085 2787 1096 2808 u
1118 2758 1161 2820 Et
1182 2757 1208 2818 si

215 2873 338 2916 necesse
348 2863 406 2930 est,
421 2863 534 2940 inquit,
547 2856 621 2919 illud
630 2857 788 2922 visibiliter
800 2856 955 2931 celebrari,
971 2862 1092 2939 oportet
1104 2861 1208 2917 tamen

216 2949 402 3016 invisibiliter
419 2953 557 3038 intelligi.
578 2987 590 3010 n
611 2956 839 3020 Existimabant
853 2977 986 3037 namque
1004 2955 1086 3038 quod
1100 2953 1207 3036 praeci'-

216 3058 302 3132 peret
315 3052 359 3116 eis
368 3053 529 3129 Dominus,
547 3063 602 3119 aut
617 3055 736 3118 bestiali
753 3075 848 3121 more.
870 3060 924 3117 aut
938 3053 1082 3122 humano.
1099 3072 1210 3134 corpus

216 3151 390 3228 comedere,
414 3153 498 3234 quod
514 3151 676 3227 videbant,
698 3162 752 3216 aut
772 3155 875 3215 bibere
898 3151 1095 3236 sanguinem,
1119 3171 1209 3233 quem

216 3258 431 3334 persequentes
443 3251 538 3315 fusuri
552 3261 653 3328 erant,
673 3253 731 3317 hoc
751 3260 869 3316 estant
890 3252 1034 3327 crudum,
1056 3259 1110 3315 aut
1127 3271 1208 3333 aqua

217 3357 347 3428 coctum,
361 3362 415 3417 ant
427 3353 589 3417 substratis
602 3354 781 3418 carbonibus
792 3352 824 3415 in
839 3354 970 3416 vembus
985 3372 1101 3415 assum.
1118 3353 1209 3415 Hanc

216 3453 368 3516 carnalem
394 3474 498 3517 eorurn
526 3454 757 3540 intelligentiam
787 3455 973 3539 redarguens
1000 3453 1152 3516 Dominus
1178 3453 1210 3515 in

216 3550 382 3634 Evangelio
404 3553 569 3616 secundum
597 3554 748 3616 Joannem
772 3553 867 3617 dicit:
886 3583 898 3604 u
926 3552 1060 3636 Spiritus
1081 3560 1131 3616 est
1157 3553 1211 3636 qui
1242 3544 1246 3550 ¹

217 3647 348 3713 vivificat
366 3673 373 3713 :
391 3672 461 3715 caro
479 3659 582 3715 autem
597 3675 658 3716 non
677 3654 804 3736 prodest
820 3652 993 3737 quicquam.
1016 3685 1028 3706 η
1048 3652 1139 3732 Quod
1154 3672 1209 3714 ex-

217 3769 331 3829 ponens
347 3753 455 3815 beatus
481 3754 672 3838 Augustinus
696 3754 727 3816 in
752 3754 896 3818 vicesima
921 3753 1052 3836 septima
1074 3754 1210 3838 ejusdem

217 3849 374 3932 Evangelii
392 3851 516 3915 bomilia
530 3853 573 3917 ait
591 3875 597 3914 :
616 3885 628 3906 ιι
647 3853 729 3932 Quid
743 3862 790 3917 est
806 3874 894 3937 erg0,
912 3874 973 3915 non
988 3853 1111 3936 prodest
1126 3852 1211 3934 quic-

216 3968 306 4029 quam
321 3951 408 4013 carol
425 3951 496 4014 Non
509 3953 633 4035 prodest
645 3953 819 4036 quicquam,
839 3953 893 4016 sed
902 3953 1054 4034 quomodo
1064 3952 1106 4014 illi
1119 3952 1210 4015 intel-

216 4046 369 4111 lexeruntl
381 4049 512 4112 Carnem
521 4050 633 4133 quippe
640 4051 916 4125 sicintellexerunt;
925 4051 1077 4134 quomodo
1086 4050 1116 4112 in
1123 4052 1211 4114 oada-

216 4148 465 4224 veredilaniatnr,
475 4157 528 4212 aut
536 4149 566 4211 in
575 4150 701 4213 macello
709 4149 861 4227 venditur,
871 4171 929 4213 non
941 4151 1093 4233 quomodo
1102 4151 1211 4232 spiritu

216 4256 386 4331 vegetatur.
404 4281 416 4302 u
439 4250 488 4312 De
503 4248 549 4312 his
565 4249 730 4314 hactenus:
747 4251 783 4313 ad
802 4249 990 4333 propositum
1007 4255 1208 4312 revertamur.
