3184 5442
410 692 496 733 rinna
520 693 558 733 on
582 690 718 732 conpone
741 690 779 731 ΕΤ
803 692 892 733 sano.
921 693 1039 734 oomni.
1158 677 1221 738 163

231 833 360 906 moliris,
374 854 434 896 non
447 832 605 914 impariter
617 853 723 914 posses
738 852 888 904 asserere;
904 841 935 897 et
951 855 1006 897 nos
1023 857 1090 917 quae
1107 847 1168 901 ate
1181 840 1224 901 di-

230 941 368 998 cerentur
380 932 474 998 sacris
487 933 676 995 solummodo
689 953 846 1014 possemus
856 934 1035 997 testimoniis
1045 936 1177 1001 abolere.

274 1034 416 1098 Batinna.
448 1063 461 1085 u
486 1032 671 1114 Susceperat
685 1040 788 1095 autem
800 1033 984 1117 Burgundus
993 1057 1104 1118 negare
1114 1059 1223 1120 panem

232 1142 263 1198 et
271 1134 376 1196 vinum
390 1133 422 1195 in
433 1153 539 1195 mensa
549 1132 699 1212 dominica
710 1153 877 1215 superesse.
891 1133 962 1197 Hoc
978 1134 1101 1198 minime
1111 1146 1221 1221 negat,

231 1236 324 1298 immo
339 1232 460 1296 omnino
475 1252 586 1314 panem
601 1240 633 1294 et
647 1233 749 1294 vinum
771 1253 838 1295 esse
853 1235 1023 1297 confirmat.
1047 1264 1061 1287 n

275 1335 396 1398 Laura.
423 1333 597 1395 Membrum
611 1332 756 1395 Ecclesiae
771 1333 810 1395 ab
825 1333 963 1396 Ecclesia
977 1334 1150 1418 discrepare
1165 1359 1226 1400 non

233 1434 347 1497 debuit.
360 1432 530 1496 Confitetur
540 1431 620 1493 enim
629 1431 768 1495 Ecclesia
780 1440 845 1496 toto
857 1440 1006 1497 terrarum
1020 1436 1091 1498 orbe
1103 1436 1222 1512 diffusa,

233 1554 354 1618 panem,
372 1538 405 1596 et
417 1531 522 1594 vinum
534 1531 573 1593 ad
585 1532 766 1594 sacrandum
778 1533 906 1614 proponi
920 1533 951 1594 in
965 1533 1072 1607 altari;
1086 1537 1138 1598 sed
1149 1536 1227 1600 inter

234 1633 414 1698 sacrandum
429 1630 781 1714 incomprehensibiliter,
796 1639 827 1695 et
839 1632 1029 1697 ineffabiliter
1040 1634 1072 1695 in
1084 1636 1227 1699 substan·

234 1733 308 1798 tiam
325 1733 439 1806 curnis,
453 1738 485 1794 et
499 1728 654 1814 sanguinis
671 1731 861 1794 commutari.
876 1732 967 1808 Quod
980 1753 1034 1794 suo
1045 1733 1111 1797 loco
1125 1735 1227 1817 opitu·

233 1834 316 1897 laute
331 1853 385 1907 eo,
401 1832 439 1894 de
456 1852 541 1916 cujus
556 1829 761 1893 sacratissimo
776 1852 901 1914 corpore
915 1823 1084 1914 loquimur,¹
1102 1834 1228 1899 diversis

234 1933 422 1997 diversorum
440 1932 568 1994 Patrum
589 1930 771 1993 testimoniis
791 1931 837 1994 ita
856 1952 941 2003 esse,
960 1952 1017 1995 nec
1033 1932 1121 1995 aliter
1138 1955 1227 2016 posse

234 2053 301 2097 esse
311 2030 539 2095 monstrabitur.
562 2030 634 2094 Non
648 2037 752 2093 tamen
767 2051 877 2113 panem
888 2038 996 2115 negat,
1010 2031 1103 2094 immo
1119 2035 1227 2096 confir·
1287 2036 1291 2045 ¹

236 2139 310 2196 mat.
325 2130 388 2195 Sed
399 2150 521 2213 panem,
535 2129 589 2212 qui
601 2129 638 2192 de
650 2129 724 2192 coelo
738 2130 906 2204 descendit,
921 2138 952 2193 et
967 2131 1020 2194 dat
1031 2131 1125 2195 vitam
1139 2155 1228 2197 mun-

235 2233 290 2309 do,
305 2252 416 2315 panem
429 2281 435 2305 ,
450 2250 541 2320 quem
554 2229 735 2292 Ambrosius
746 2236 778 2291 et
791 2228 985 2313 Augustinus
999 2230 1111 2293 eisdem
1128 2233 1228 2296 verbis

234 2338 345 2396 vocant
364 2330 522 2414 epiusion,
546 2330 578 2392 id
598 2337 666 2403 est,
690 2329 1011 2412 supersubstantialem
1036 2354 1042 2392 :
1066 2330 1138 2413 quia
1158 2352 1227 2395 caro

235 2431 349 2496 Christi
372 2431 512 2495 omnibus
534 2430 644 2494 creatis
658 2430 836 2493 substantiis
856 2427 953 2516 major
974 2429 1098 2503 existit,
1124 2451 1228 2493 omnes

235 2538 388 2595 creaturos
407 2529 662 2593 excellentissima
681 2528 829 2613 dignitate
844 2530 999 2613 praecellit.
1020 2531 1133 2593 Vinum
1150 2552 1228 2612 qno-

236 2652 296 2714 que
306 2652 366 2693 non
378 2629 597 2712 qualecunque,
610 2630 665 2691 sed
683 2629 764 2715 quod
775 2628 943 2709 hominum,
957 2651 1018 2692 non
1033 2630 1155 2712 quidem
1167 2651 1230 2692 om-

235 2731 317 2794 nium
328 2782 335 2806 ,
348 2730 403 2811 sed
417 2749 572 2792 servorum
587 2728 646 2792 Dei
663 2730 755 2792 corda
769 2729 917 2804 laetificat,
934 2730 1016 2811 qnod
1031 2729 1148 2792 arnmas
1164 2730 1230 2792 iue-

236 2831 327 2906 briat,
341 2837 374 2893 et
388 2849 408 2891 a
420 2828 554 2912 peccatis
565 2835 689 2912 purgat.

281 2932 425 2995 Benene.
456 2959 469 2981 ιι
494 2930 578 2993 Dum
594 2928 638 2992 ita
654 2929 814 2992 enuntiat:
829 2928 916 3011 panis
931 2938 962 2990 et
978 2926 1081 2990 vinum
1093 2948 1161 3010 quae
1172 2948 1229 3009 po-

236 3037 348 3093 nuntur
359 3029 391 3092 in
406 3029 513 3104 altari,
532 3034 602 3110 post
616 3027 872 3091 consecrationem
884 3026 1073 3087 solummodo
1089 3038 1161 3088 sunt
1175 3045 1230 3087 ve-

238 3150 304 3192 rum
316 3128 431 3193 Christi
442 3148 551 3211 corpus
562 3133 594 3190 et
608 3126 743 3210 sanguis.
767 3156 779 3179 »
1108 3183 1110 3186 .
1325 3204 1330 3214 .

280 3229 398 3292 Lxxxx.
424 3226 515 3292 Dixit
525 3225 650 3310 quidam
662 3225 770 3309 spiritu
781 3224 840 3288 Dei
851 3224 959 3307 plenus
974 3248 980 3286 :
994 3225 1040 3288 Os
1053 3227 1133 3309 quod
1149 3248 1232 3290 men-

237 3329 321 3402 titur,
340 3327 449 3393 occidit
461 3326 606 3410 animam.
622 3325 713 3388 Hanc
725 3324 891 3388 timendam
904 3323 1086 3388 sententiam
1098 3325 1125 3388 si
1141 3326 1230 3389 time·

238 3447 304 3502 res,
327 3426 433 3490 falsam
453 3446 540 3490 servo
555 3424 616 3489 Dei
632 3424 814 3488 calumniam
832 3445 892 3487 non
911 3423 1092 3507 imponeres.
1113 3426 1232 3490 Caetera

237 3547 368 3610 namque
380 3524 476 3598 dixit,
493 3524 548 3588 sed
562 3523 739 3587 adverbium
752 3521 946 3585 solummodo
959 3544 1155 3607 nequaquam
1171 3547 1230 3608 po-

199 3663 207 3673 ·
238 3625 308 3690 suit.
327 3623 480 3708 Quicquid
493 3623 585 3707 igitur
600 3644 640 3685 ex
656 3623 811 3686 mendacio
826 3630 857 3686 te
873 3623 1057 3687 mendaciter
1072 3631 1228 3689 astruente

237 3724 401 3809 colligitur,
414 3723 557 3807 quicquid
569 3721 712 3797 infertur,
726 3722 897 3786 necessario
909 3729 1008 3786 toturn
1019 3724 1202 3808 dispargitur
1217 3776 1223 3799 ,

236 3823 421 3897 infirmatur,
437 3831 585 3888 cassatur.
601 3822 648 3886 De
662 3843 723 3905 quo
735 3823 808 3906 quia
819 3821 850 3885 in
859 3824 1059 3887 anterioribus
1075 3825 1150 3888 satis
1161 3825 1210 3909 egi
1225 3878 1230 3900 ,

238 3924 326 4007 plura
336 3923 384 3988 hic
398 3923 498 3987 dicere
513 3923 694 3986 transiturus
705 3924 745 3986 ad
757 3923 818 3985 alia
829 3924 995 4005 supersedi.
