3184 5442
479 718 566 759 tinen
589 718 627 758 us
651 716 784 758 conrons
807 716 845 757 er
868 717 957 758 snus.
985 717 1106 759 uonnu.
1228 699 1292 761 183

299 855 354 918 tibi
368 857 407 918 de
422 876 559 919 sermone
574 855 705 929 Christi,
727 855 779 938 qui
794 862 938 937 operatur
952 863 987 918 ut
1001 855 1098 937 possit
1114 865 1243 936 mutare,
1263 867 1296 923 et

297 963 474 1020 convertere
485 976 596 1038 genera
607 955 746 1018 instituta
757 963 885 1019 naturae.
900 954 1020 1018 Deinde
1028 955 1079 1018 ubi
1091 977 1151 1019 non
1162 958 1296 1023 tulerunt

297 1076 468 1118 sermonem
487 1054 602 1119 Christi
624 1053 763 1137 discipuli
783 1055 865 1138 ejuS,
888 1054 1048 1118 audientes
1067 1057 1150 1138 quod
1171 1078 1293 1121 carnem

297 1175 383 1218 suam
395 1156 481 1219 daret
495 1155 738 1218 manducandam
753 1161 783 1217 et
795 1144 974 1238 sanguinem
989 1176 1077 1219 suum
1093 1156 1181 1221 daret
1193 1158 1295 1221 biben-

297 1255 386 1333 dum,
411 1256 605 1319 recedebant.
625 1254 713 1319 Solus
728 1262 832 1319 autem
852 1255 964 1320 Petrus
986 1255 1075 1320 dixit.
1100 1257 1205 1321 Verba
1223 1260 1295 1324 vitae

297 1359 418 1418 aetemae
432 1354 538 1429 habes,
556 1362 587 1419 et
601 1376 657 1438 ego
672 1377 692 1418 a
711 1362 743 1418 te
762 1376 824 1437 quo
839 1355 997 1419 recedaml
1019 1355 1069 1419 Ne
1084 1354 1177 1439 igitur
1193 1357 1295 1439 plures

297 1454 353 1517 hoc
367 1454 517 1530 dicerent,
535 1454 630 1518 veluti
644 1454 769 1537 quidam
786 1464 868 1519 esset
882 1456 987 1518 horror
1001 1455 1132 1532 cruoris,
1156 1458 1211 1520 sed
1228 1480 1295 1522 ma-

297 1561 383 1618 neret
396 1555 496 1638 gratia
512 1555 730 1637 redemptionis
744 1577 750 1616 ;
764 1554 834 1618 ideo
849 1555 880 1616 in
896 1555 1093 1618 similitudine
1106 1556 1229 1638 quidem
1242 1579 1294 1623 ac-

297 1652 373 1735 cipis
387 1663 623 1727 sacramentum,
642 1654 696 1717 sed
715 1675 795 1719 verae
812 1663 928 1718 naturae
946 1655 1076 1738 gratiam
1091 1655 1295 1740 virtutemque

296 1755 502 1841 consequeris
515 1757 583 1840 Ego
593 1777 672 1829 sum,
693 1755 803 1839 inquit,
815 1755 904 1838 panis
914 1755 1005 1818 vivus
1017 1755 1069 1837 qui
1082 1757 1122 1818 de
1133 1757 1208 1819 coelo
1223 1757 1292 1820 des-

297 1851 402 1926 cendi;
424 1855 479 1918 sed
496 1874 567 1918 caro
584 1874 646 1916 non
663 1853 820 1917 descendit
835 1875 852 1916 e
866 1853 959 1926 coelo,
979 1854 1035 1917 hoc
1056 1861 1104 1917 est
1124 1875 1246 1919 carnem
1264 1856 1293 1918 in

296 1953 386 2019 terris
396 1954 563 2037 assumpsit
574 1975 613 2017 ex
627 1953 765 2038 Virgine.
781 1955 943 2031 Quomodo
955 1975 1027 2037 ergo
1042 1955 1197 2019 descendit
1207 1957 1295 2038 panis

296 2075 314 2117 e
331 2053 420 2128 coele,
441 2061 473 2117 et
490 2054 578 2136 panis
594 2053 699 2117 vivusl
719 2052 801 2130 Quia
819 2053 901 2116 idem
918 2052 1069 2117 Dominus
1083 2061 1187 2117 noster
1203 2055 1295 2119 Jesus

296 2151 437 2216 Christus
454 2174 578 2217 consors
591 2163 638 2217 est
653 2153 821 2234 divinitatis
835 2161 868 2218 et
881 2152 1027 2237 corporis.
1046 2155 1090 2216 Et
1104 2159 1138 2215 tu
1150 2153 1203 2236 qui
1213 2155 1293 2218 acci-

297 2253 345 2336 pis
358 2273 496 2329 camem,
517 2253 626 2317 divinae
642 2254 708 2339 ejus
724 2253 902 2316 substantiae
918 2253 949 2316 in
962 2253 1015 2316 illo
1030 2253 1223 2336 participaris
1238 2255 1294 2318 ali-

297 2364 410 2416 mento.
430 2386 443 2407 n
459 2354 537 2419 Item
555 2354 585 2416 in
597 2353 726 2437 epistola
740 2354 780 2417 ed
794 2354 954 2418 Ireneum:
972 2381 987 2408 «ι
1006 2352 1124 2431 Quaeris
1139 2374 1159 2416 a
1176 2375 1226 2417 me
1241 2376 1294 2419 cur

295 2452 447 2516 Dominus
459 2455 544 2518 Deus
555 2474 668 2517 manna
678 2453 790 2535 pluerit
800 2454 912 2537 populo
925 2460 1064 2536 patrum,
1087 2460 1119 2516 et
1137 2474 1217 2518 nunc
1232 2476 1292 2518 non

296 2553 394 2636 pluat.
410 2553 445 2618 Si
459 2554 626 2638 cognoscis,
644 2553 736 2636 pluit;
756 2561 787 2617 et
800 2554 934 2636 quotidie
948 2553 1027 2636 pluit
1042 2554 1081 2617 de
1092 2553 1168 2618 coelo
1180 2577 1292 2619 manna

296 2653 497 2717 servientibus
511 2653 580 2716 sibi.
597 2656 639 2717 Et
655 2674 831 2736 corporeum
848 2654 972 2737 quidem
988 2654 1064 2717 illud
1075 2675 1188 2718 manna
1203 2655 1292 2718 hodie

296 2753 449 2836 plerisque
459 2752 490 2815 in
502 2752 575 2816 locis
586 2751 748 2828 invenitur,
763 2753 817 2815 sed
829 2774 909 2817 nunc
919 2774 979 2814 non
990 2760 1038 2816 est
1049 2753 1124 2839 tanti
1140 2774 1189 2816 res
1200 2755 1291 2817 mira·

298 2853 367 2928 culi,
381 2853 452 2936 quia
464 2854 548 2917 venit
563 2854 646 2935 quod
657 2851 826 2936 perlectum
842 2861 898 2917 est.
911 2851 1085 2917 Perfectum
1100 2861 1215 2927 autem,
1233 2876 1291 2937 pa-

298 2953 345 3016 nis
362 2943 401 3017 de
415 2954 508 3028 coelo,
526 2973 636 3036 corpus
650 2975 689 3017 ex
702 2952 847 3036 Virgine,
864 2960 912 3018 est
925 2954 964 3016 de
979 2974 1039 3035 quo
1054 2952 1130 3016 satis
1143 2955 1290 3039 Evange-

297 3053 370 3117 lium
384 3060 416 3117 te
427 3055 528 3119 docet.
540 3054 664 3132 Quanto
675 3053 886 3137 praestantiora
900 3054 963 3116 haec
974 3051 1194 3135 superioribusl
1208 3084 1221 3107 n

340 3154 532 3238 Augustinus
549 3154 581 3218 in
601 3155 724 3218 homilia
742 3155 875 3218 secunda
894 3151 1005 3236 psalmi
1026 3151 1170 3240 tricesimi
1188 3153 1287 3216 tertii:

301 3283 313 3304 u
332 3254 646 3318 AccesseruutJudoei
661 3254 701 3317 ad
715 3252 870 3317 Christum
886 3260 921 3316 ut
937 3250 1160 3334 crucifigerent,
1179 3273 1235 3314 nos
1251 3254 1291 3315 ad

296 3374 367 3416 eum
383 3356 564 3419 accedamus
588 3364 623 3419 nt
643 3376 752 3439 corpus
771 3362 803 3419 et
820 3354 996 3437 sanguinem
1015 3355 1080 3438 ejus
1098 3352 1290 3436 accipiamus.

297 3453 345 3516 Illi
356 3454 394 3518 de
405 3455 548 3519 crucifixo
563 3454 713 3519 tenebrati
727 3464 810 3528 sunt,
827 3477 883 3518 nos
894 3454 1104 3517 manducando
1116 3453 1290 3516 crucifixum

296 3561 330 3616 et
340 3552 469 3616 bibendo
484 3553 700 3618 illuminamur.
723 3584 736 3608 ι»
751 3555 794 3618 Et
807 3562 878 3636 post
893 3552 1011 3635 aliqua:
1032 3581 1045 3604 u
1063 3552 1145 3615 Vere
1163 3573 1292 3637 magnus

296 3651 455 3727 Dominus,
470 3661 502 3719 et
514 3675 626 3737 magna
640 3653 846 3717 misericordia
862 3655 940 3740 ejus,
956 3673 1029 3716 vere
1041 3652 1094 3735 qui
1105 3653 1192 3716 nobis
1208 3653 1295 3716 dedit

296 3753 478 3816 manducare
489 3774 598 3836 corpus
608 3740 711 3827 suum,¹
721 3753 751 3815 in
764 3774 825 3836 quo
835 3760 923 3817 tanta
933 3773 1096 3836 perpessus
1107 3761 1166 3826 est,
1182 3760 1214 3815 et
1224 3773 1294 3815 san·

295 3850 416 3935 guinem
425 3851 538 3919 bibere.
556 3854 659 3941 altem
668 3853 699 3916 in
709 3852 834 3917 homilia
842 3853 952 3936 psalmi
961 3852 1185 3936 quadragesimi
1193 3853 1292 3935 quinti

292 3951 332 4014 ad
357 3953 473 4016 Judeos
497 3954 624 4038 loquens
646 3975 686 4017 εὐ
717 3954 753 4017 ln
776 3954 857 4017 illius
877 3953 1001 4017 nomine
1026 3973 1116 4035 quem
1142 3951 1292 4016 occidistis

293 4052 506 4134 baptizamini,
522 4061 554 4117 et
564 4055 757 4118 dimittuntur
768 4054 854 4117 vobis
865 4060 992 4136 peccata
1006 4063 1121 4115 vestra.
1136 4051 1289 4115 Medicum

293 4151 341 4215 vel
359 4160 468 4234 postea
481 4154 684 4237 cognovistis,
699 4155 763 4239 jam
779 4153 877 4216 securi
891 4154 987 4216 bibite
1002 4152 1181 4235 sanguinem
1198 4172 1288 4232 quern

293 4249 423 4317 fudistis
441 4284 453 4306 υ
467 4252 545 4317 ltem
556 4252 586 4315 in
594 4252 717 4317 homilia
726 4253 836 4336 psalmi
844 4252 1026 4336 sexagesimi
1038 4250 1135 4334 quinti
1148 4273 1154 4311 z
1170 4280 1182 4301 u
1195 4251 1292 4314 Modo
