3184 5442
376 704 439 773 l-ttl
757 721 787 760 o.
816 720 988 762 rauranum

355 870 489 933 ¹toribus
510 865 650 929 attribuis
674 864 776 928 dicens
795 887 801 925 :
821 866 876 928 hoc
897 862 947 928 vel
968 865 1024 928 hoc
1046 866 1076 928 in
1100 867 1167 942 illo,
1193 889 1249 932 seu
1269 869 1300 932 in
1321 871 1374 934 illo

355 991 464 1053 opere
475 976 605 1032 testatur
622 967 828 1051 Augustinus,
853 967 1042 1052 Gregorius,
1070 969 1298 1055 Hieronymus,
1322 973 1373 1036 vel

354 1070 499 1154 -quilibet
513 1089 632 1141 eorum,
655 1087 732 1149 quos
751 1067 783 1129 in
802 1088 870 1131 arce
885 1067 1078 1132 auctoritatis
1097 1071 1215 1152 positus
1234 1073 1375 1136 Ecclesia

373 1170 487 1234 Christi
503 1168 660 1254 insiguiter
677 1174 852 1230 veneratur.
869 1167 915 1230 lbi
928 1169 1010 1230 enim
1030 1171 1256 1253 conquiesceret
1274 1175 1375 1236 omnis

372 1279 496 1335 versuta
510 1267 738 1354 tergiversatio,
757 1289 853 1350 quum
869 1268 947 1332 sacri
962 1270 1081 1334 codices
1095 1279 1127 1333 te
1138 1271 1280 1337 audiente
1294 1275 1374 1358 lege-

374 1384 487 1445 rentur,
503 1371 552 1434 vel
568 1370 624 1433 tibi
639 1369 679 1432 ad
694 1370 856 1452 legendum
868 1370 899 1431 in
914 1391 1023 1434 manus
1038 1373 1249 1436 traderentur:
1264 1374 1373 1437 coeles-

373 1471 459 1555 tique
473 1471 616 1554 lampade
628 1468 816 1553 splendidius
828 1469 978 1534 eniterent
991 1472 1141 1554 quaedam,
1153 1473 1265 1556 quaede
1275 1475 1373 1558 scrip-

373 1572 450 1636 turis
478 1570 592 1634 sanctis
620 1577 651 1633 te
677 1590 795 1632 sumere
814 1591 1040 1654 nonnumquam
1063 1571 1153 1647 dicis,
1178 1581 1231 1637 aut
1251 1575 1375 1656 penitus

374 1691 441 1735 esse
455 1668 548 1742 falsa,
566 1677 619 1733 aut
635 1668 738 1752 aliqua
750 1690 790 1731 ex
803 1677 907 1753 parte,
922 1679 1014 1752 prout
1028 1670 1106 1735 ratio
1118 1673 1163 1735 tui
1177 1673 1292 1757 negotii
1304 1697 1374 1759 pos

374 1770 454 1835 tulat
473 1771 652 1853 depravata.
678 1769 740 1832 Per
760 1790 853 1852 quam
875 1769 1054 1833 diabolicam
1076 1769 1227 1835 fallaciam
1249 1772 1391 1858 ignaras·

374 1870 469 1935 divini
486 1869 627 1955 mysterii
645 1877 779 1941 mentes,
801 1868 918 1952 tibique
932 1870 1069 1933 credulas
1082 1870 1218 1957 invadis,
1236 1873 1370 1958 decipis,

374 1970 508 2044 subruis,
523 1977 610 2033 tanto
621 1968 763 2051 iniquior,
777 1975 892 2051 quanto
903 1968 934 2030 in
946 1970 1026 2032 malo
1035 1971 1191 2053 proposito
1201 1973 1240 2035 ad
1252 1993 1370 2051 eorum,

375 2072 428 2155 qui
436 2071 490 2135 tibi
499 2071 528 2132 in
539 2069 661 2135 Christo
673 2066 782 2130 fratres
792 2075 874 2148 sunt,
889 2069 1126 2145 subversionem,
1139 2079 1172 2133 et
1180 2074 1370 2150 scandulum,

376 2169 569 2254 pertinacior,
588 2167 848 2256 parviponderans
859 2170 953 2230 verba
964 2168 1088 2231 Domini
1100 2171 1315 2238 comminantis
1325 2176 1370 2253 ei,

376 2271 428 2355 qui
445 2272 483 2333 de
498 2267 616 2351 pusillis
630 2266 692 2329 suis
709 2265 842 2349 aliquem
859 2267 1060 2343 scandalizat;
1077 2291 1134 2333 nec
1147 2271 1223 2335 satis
1239 2281 1374 2339 tremens

375 2367 611 2450 increpationem
624 2362 766 2446 Apostoli
777 2364 818 2426 ad
829 2367 991 2446 superbam
1002 2365 1225 2434 Corinthiorum
1237 2373 1372 2440 Gentem

375 2465 545 2535 scribentis,
559 2472 590 2528 et
605 2462 753 2525 dicentis:
772 2492 784 2514 u
800 2463 852 2526 Sic
867 2472 970 2528 autem
984 2477 1147 2549 peccantes
1159 2470 1190 2532 in
1205 2470 1326 2550 fratres,
1341 2485 1374 2539 et

376 2565 580 2648 percutientes
603 2560 819 2626 conscientiam
842 2584 948 2627 eorum
968 2565 1136 2643 infirmam,
1165 2570 1197 2633 in
1215 2571 1373 2639 Christum

375 2665 518 2751 peccatis.
545 2695 558 2718 n
584 2663 653 2741 Quo
672 2670 798 2745 peccato
820 2663 984 2747 plurimum
1004 2667 1163 2745 detineriS,
1193 2675 1374 2739 subvertens

376 2789 445 2839 eos,
465 2765 517 2849 qui
535 2763 705 2828 nescientes
725 2763 782 2826 tibi
801 2765 956 2841 resistere,
980 2770 1225 2853 contemplantur
1243 2796 1282 2838 ea
1303 2797 1373 2860 quae

362 2868 529 2942 trudentur,
542 2887 602 2929 non
615 2886 730 2949 eaquae
741 2887 804 2929 non
816 2867 968 2930 videntur.
986 2869 1050 2932 Sed
1058 2871 1178 2935 firmum
1188 2873 1371 2941 fundamen-

376 2979 441 3034 tum
451 2968 511 3033 Dei
523 2975 587 3032 stat
598 2965 763 3041 immobile,
779 2966 895 3030 habens
906 2968 1104 3053 signaculum,
1120 2993 1180 3056 quo
1192 2975 1320 3041 discedit
1334 2981 1373 3042 ab

376 3066 537 3154 iniquitate
549 3069 615 3151 ,qui
623 3067 745 3131 invocat
753 3089 863 3130 nomen
871 3068 1007 3145 Domini,
1014 3091 1207 3156 nequaquam
1214 3076 1279 3140 sine
1286 3079 1372 3162 gravi

376 3169 519 3234 scandalo
531 3166 630 3250 ferens
642 3168 725 3250 quod
733 3188 793 3229 non
803 3188 837 3229 es
845 3176 1006 3233 contentus
1013 3178 1048 3233 ut
1058 3193 1221 3254 perversus
1228 3198 1374 3259 perversa

375 3271 471 3344 dicas,
483 3268 540 3331 nisi
552 3268 645 3330 etiam
656 3287 752 3349 prava
766 3266 880 3350 scripta
890 3288 946 3350 per
955 3290 1067 3351 pravos
1080 3272 1244 3357 discipulos
1259 3285 1329 3342 tuos
1342 3279 1373 3343 in

376 3371 513 3433 diversas
519 3366 659 3449 regiones
667 3365 869 3430 transmittas.
880 3369 924 3431 Et
931 3376 1042 3434 caetera
1050 3372 1305 3455 quidemabeatae
1311 3401 1374 3442 me

376 3469 480 3531 moriae
494 3464 623 3528 Nicolao
637 3463 732 3527 totius
744 3464 910 3530 Christiani
926 3469 1056 3535 nominis
1074 3493 1193 3538 summo
1210 3478 1370 3553 Pontifice,

377 3571 408 3627 et
422 3584 442 3626 a
455 3566 576 3625 centum
591 3558 736 3621 tredecim
750 3560 914 3646 Episcopis
925 3565 1032 3629 Romae
1048 3569 1162 3645 audita,
1183 3573 1369 3648 examinata,

376 3670 469 3745 atque
483 3660 629 3721 damnata
641 3666 720 3721 sunt.
736 3659 784 3721 Tu
799 3680 920 3744 quoque
934 3663 1078 3731 inclinato
1093 3691 1229 3754 corpore,
1243 3675 1372 3740 sednon

377 3760 534 3824 humiliato
551 3757 652 3834 corde,
669 3756 771 3841 ignem
788 3757 963 3839 accendisti,
984 3766 1136 3852 librosque
1146 3775 1281 3854 perversi
1296 3777 1373 3861 dog-

376 3861 468 3924 matis
477 3859 508 3921 in
520 3856 620 3920 medio
633 3857 728 3933 sancti
742 3857 869 3921 Concilii
882 3861 913 3924 in
928 3884 997 3926 eum
1011 3869 1185 3954 conjecisti:
1200 3874 1307 3960 jurans
1318 3898 1374 3960 per

377 3962 407 4024 id
419 3960 501 4042 quod
513 3959 603 4020 rebus
615 3957 754 4020 omnibus
765 3958 1044 4042 incomparabiliter
1059 3971 1158 4055 majus
1172 3979 1231 4054 est,
1248 3976 1340 4040 fidem
1353 3999 1374 4040 a

374 4061 529 4135 Patribus,
540 4059 591 4141 qui
601 4066 767 4141 praesentes
776 4069 875 4141 erant,
891 4064 1259 4138 traditaminviolabiliter
1268 4083 1300 4139 te
1311 4098 1374 4140 ser-

374 4160 1376 4260 vatorum,veteremquedoctrinamtuamdecorpore,etsanguine

374 4261 513 4337 Domini,
529 4260 567 4322 ab
577 4257 626 4321 illa
638 4256 687 4320 die
697 4258 764 4322 aliis
775 4281 836 4323 non
847 4264 1091 4345 praedicaturum.
1108 4272 1210 4360 Hujus
1222 4277 1373 4360 propositi
