3184 5442
411 754 497 796 nisan
523 754 562 794 nu
585 754 720 795 conronn
744 753 781 796 ΕΤ
805 755 893 796 saue.
923 756 1046 797 nomini.
1164 737 1228 799 153

278 896 310 958 3.
337 896 482 960 Benene.
505 895 679 977 «Apparet
702 893 773 976 quia
799 895 851 956 lux
874 895 905 957 in
928 897 1062 958 tenebris
1081 898 1178 974 lucet,
1197 907 1229 962 et

232 997 511 1059 tenebraeeamnon
523 993 827 1076 comprehenderunt.
847 1027 860 1048 n

275 1097 398 1159 Laura.
426 1096 497 1158 Hoc
519 1093 736 1157 rectissime'in
759 1103 791 1158 te
810 1097 978 1179 retorqueri
998 1102 1111 1179 potest.
1133 1098 1230 1162 Lucet

231 1218 364 1280 namque
384 1197 437 1259 lux
457 1194 527 1258 fidei
550 1195 582 1257 in
604 1194 737 1258 tenebris
757 1195 846 1280 hujus
867 1196 989 1270 mundi,
1005 1205 1153 1280 quantum
1176 1221 1231 1282 per

232 1297 407 1381 speculum,
426 1303 458 1359 et
479 1295 600 1378 enigma
621 1296 776 1358 revelante
802 1285 871 1360 Deo
897 1317 1058 1378 possumus
1076 1300 1226 1373 contueri;

231 1418 336 1460 verum
363 1396 440 1459 hanc
469 1395 568 1459 lucem
594 1397 755 1458 tenebrosa
780 1418 868 1459 mens
891 1405 945 1460 tua
967 1398 1074 1481 nequit
1096 1419 1232 1482 compre-

232 1496 383 1570 hendere,
413 1494 566 1579 despectis
592 1495 711 1558 caeteris
740 1507 853 1578 putans
877 1517 910 1560 se.
927 1497 1033 1569 ‘solam
1061 1499 1229 1580 sapientem

232 1617 320 1669 esse,
341 1584 526 1659 evanescens
544 1594 576 1655 in
597 1594 833 1678 cogitationibus
852 1595 916 1659 suis
936 1597 1030 1661 stulta
1048 1596 1129 1663 facta
1149 1601 1230 1683 apud

233 1696 365 1780 Deum.⁴
411 1733 414 1741 .

275 1796 413 1860 Brenno.
446 1827 458 1848 ιι
478 1795 561 1874 Quia
576 1795 715 1859 veritatis
726 1795 881 1873 inimicus,
894 1796 970 1861 velit
982 1798 1058 1861 nolit
1068 1801 1231 1864 veritatem

233 1903 361 1975 asserat.
380 1929 392 1949 ν·

276 1997 396 2059 Lnnrn.
423 1997 536 2059 Parum
551 1995 663 2059 videris
680 1999 839 2061 attendere
853 1998 927 2081 quid
945 1997 1045 2067 dicas.
1063 2005 1181 2073 tantum
1197 2004 1231 2060 ut

234 2116 356 2159 servum
370 2096 429 2160 Dei
443 2095 537 2159 illatis
551 2095 720 2178 opprobriis
733 2097 764 2158 in
777 2105 985 2182 contemptum
997 2097 1140 2160 adducas.

278 2196 475 2259 Assertorem
495 2195 656 2269 veritatis,
683 2202 748 2258 tam
773 2197 946 2272 volentem,
966 2218 1059 2279 quam
1078 2197 1231 2260 nolentem

233 2297 388 2361 inimicum
402 2297 518 2380 pariter
533 2296 692 2362 constituis
705 2299 856 2362 veritatis.
871 2297 1018 2380 Quisquis
1034 2304 1136 2361 autem
1151 2296 1232 2360 veri-

234 2405 330 2463 tatem
353 2398 481 2473 asserit‚
498 2406 551 2462 aut
573 2399 679 2462 volens
693 2406 764 2473 ‚aut
778 2400 895 2477 nolens,
908 2401 940 2462 id
958 2397 1138 2484 agithibil
1153 2397 1232 2460 enim

235 2498 325 2561 medii
347 2498 458 2584 poterit
478 2499 615 2583 reperiri.
636 2499 746 2563 Omnis
766 2499 860 2584 igitur
879 2506 1011 2562 assertor
1029 2499 1185 2573 veritatis,
1203 2505 1234 2561 te

236 2607 370 2672 auctore,
382 2598 521 2661 inimicus
530 2606 578 2661 est
589 2598 744 2662 veritatis.
758 2599 821 2662 Sed
830 2600 922 2663 absit.
932 2600 1004 2683 Ipsa
1012 2620 1145 2682 namque
1158 2599 1236 2662 veri·

235 2708 283 2763 tas
311 2699 426 2762 amicos
449 2719 521 2761 suos
547 2698 710 2782 plurimum
728 2699 853 2764 distanti
877 2700 1000 2763 nomine
1021 2700 1051 2762 in
1067 2698 1234 2782 Evangelio

237 2807 343 2876 vocat,
365 2800 485 2864 dicens:
504 2830 516 2852 u
536 2801 608 2863 Jam
630 2821 688 2863 non
711 2801 810 2864 dicam
825 2824 882 2866 vos
901 2823 1023 2877 servoS,
1047 2801 1101 2863 sed
1121 2802 1253 2864 amicos

236 2921 349 2976 meos,
364 2930 377 2952 η
402 2900 445 2963 Et
461 2899 554 2963 alibi:
585 2931 598 2952 ι·
622 2901 689 2963 Vos
710 2901 801 2965 amici
816 2901 877 2964 mei
896 2900 990 2963 eritis
1020 2929 1033 2954 »
1051 2901 1176 2963 Falsum
1188 2909 1236 2964 est

236 3020 307 3084 ergo
328 3006 509 3063 assertorem
526 3001 667 3065 veritatis
691 3010 755 3065 tam
778 3002 955 3076 volentem,
972 3020 1067 3082 quam
1082 2999 1235 3063 nolentem

240 3099 393 3163 inimicum
409 3101 591 3165 constituere
604 3103 754 3166 veritatis.

278 3201 423 3264 Benene.
452 3229 464 3253 u
484 3201 563 3279 Quia
588 3202 668 3268 sicut
690 3202 799 3267 Goliat
817 3201 941 3285 proprio
961 3200 1144 3284 Burgundus
1164 3221 1236 3265 ense

239 3301 395 3385 depereat.
415 3332 428 3356 n
461 3325 463 3329 ¹

280 3401 403 3465 Laura
428 3401 487 3464 Tui
510 3402 606 3467 moris
626 3410 674 3467 est
701 3402 777 3467 alios
798 3401 985 3486 deprimere,
1004 3407 1035 3464 te
1055 3399 1185 3476 efferre,
1204 3405 1236 3462 te

237 3502 366 3582 jactare,
384 3503 422 3566 de
436 3509 468 3566 te
485 3525 598 3590 magna
609 3504 735 3568 sentire.
749 3505 794 3568 Te
806 3503 929 3587 quidem
942 3502 1046 3566 David
1060 3554 1066 3576 ‚
1084 3503 1237 3565 Humber-

238 3609 303 3664 tum
318 3623 390 3667 vero
401 3604 508 3669 Goliat
519 3605 669 3691 appellas.
685 3607 728 3670 Et
743 3604 866 3688 quidem
878 3603 991 3668 rectius
1002 3611 1033 3668 te
1049 3603 1239 3666 nominasses

239 3701 364 3776 Goliat,
382 3703 455 3787 quia
469 3703 561 3768 homo
577 3705 843 3788 arrogantissimus
857 3725 908 3779 es,
926 3711 959 3766 et
974 3724 1011 3766 ea
1027 3703 1122 3767 sentis
1137 3753 1143 3776 ,
1163 3701 1239 3765 scri·

238 3801 305 3877 bis,
320 3810 352 3865 et
365 3803 498 3887 loqueris
511 3857 518 3880 ,
533 3804 643 3888 quibus
657 3811 692 3867 tu
713 3804 779 3887 ipse
792 3805 878 3867 velut
898 3823 971 3866 ense
984 3802 1106 3885 proprio
1116 3801 1238 3887 jugule-

240 3900 293 3965 ris.
308 3903 395 3966 Illum
406 3924 479 3968 vero
494 3904 609 3982 David,
620 3905 671 3988 qui
685 3905 841 3969 humiliter
849 3903 938 3979 vixit,
948 3903 1103 3966 humiliter
1113 3902 1235 3981 docuit,

239 4003 408 4066 membrum
422 4006 586 4082 Ecclesiae,
601 4028 740 4092 pugnans
754 4029 810 4091 pro
826 4005 966 4071 Ecclesia
981 4057 987 4082 ,
1003 4024 1162 4068 assumens
1171 4024 1238 4067 scu·

238 4109 304 4165 tum
317 4104 406 4182 fidei,
429 4113 461 4169 et
475 4106 609 4190 gladium
625 4107 750 4191 spiritus
765 4108 848 4191 quod
864 4114 910 4171 est
925 4107 1051 4170 verbum
1061 4104 1131 4168 Dei.
