3184 5442
276 726 342 786 att-2
654 744 684 784 u.
712 741 886 784 rauranum

275 886 416 967 praeclara
432 885 556 946 aedilicia
571 904 691 944 cernere
704 936 708 954 ,
725 884 842 945 dulcem
859 895 995 952 rantum,
1014 903 1188 944 sermonem
1199 906 1273 945 cou-

274 986 413 1051 cinnum.
441 1006 569 1067 organa,
596 984 697 1068 lyras,
726 983 887 1067 cytharas,
910 992 941 1043 et
958 982 1031 1044 talia
1050 983 1174 1054 audire;
1198 984 1273 1067 thy-

274 1087 434 1157 miamata,
450 1094 481 1147 et
496 1084 571 1147 alias
583 1083 694 1145 diversi
708 1083 857 1166 pigmenti
876 1082 992 1164 species
1011 1083 1157 1148 odorare.
1179 1084 1273 1145 variis

273 1186 369 1266 epulis
388 1183 539 1253 deliciari;
559 1182 670 1244 blanda
689 1191 720 1244 et
736 1182 839 1243 mollia
859 1189 1006 1252 tractare;
1026 1182 1154 1244 multam
1175 1203 1269 1264 pecu-

272 1284 352 1345 niam
373 1292 406 1345 et
430 1283 545 1344 variam
571 1282 789 1364 supellectilem
814 1282 990 1363 possidere;
1010 1281 1072 1344 haec
1089 1283 1194 1344 omnia
1212 1282 1271 1343 illis
1328 1311 1330 1316 ·

270 1384 385 1446 infinite
407 1383 588 1445 redundant.
611 1384 639 1447 O
657 1384 777 1466 qualem
793 1383 982 1464 voluptatem
1001 1381 1084 1443 visus
1098 1381 1156 1463 ipsi
1172 1381 1268 1444 habe-

270 1486 363 1555 bunt,
382 1483 433 1565 qui
446 1482 490 1544 ita
505 1482 614 1545 clausis
629 1483 707 1545 sicut
724 1481 839 1565 apertis
854 1481 947 1542 oculis
966 1481 1129 1544 videbunt!
1149 1480 1268 1557 Quibus

270 1582 388 1666 singola
403 1585 558 1657 membra,
577 1567 610 1645 ut
627 1584 730 1644 oculus
743 1582 815 1644 solis
831 1591 937 1652 erunt,
958 1579 1009 1662 qui
1027 1579 1146 1663 Regem
1165 1580 1268 1663 gloriae

269 1684 297 1744 in
316 1684 423 1746 decore
442 1704 497 1745 suo
513 1691 653 1753 cernent;
672 1703 777 1743 omnes
801 1682 939 1764 Angelos
959 1688 990 1742 et
1008 1700 1115 1741 omnes
1136 1680 1267 1743 Sanctos

269 1784 395 1846 interius
416 1792 447 1846 et
470 1784 604 1846 exterius
631 1783 827 1864 conspicient.
856 1781 995 1844 Gloriam
1025 1779 1109 1853 Dei,
1138 1781 1266 1863 gloriam

269 1885 467 1967 Angelorum,
484 1883 608 1966 gloriam
619 1882 874 1954 Patriarcharum,
891 1879 1017 1964 gloriam
1027 1879 1263 1962 Prophetarum,

266 1983 393 2062 gloriam
415 1984 649 2065 Apostolorum,
673 1983 800 2065 gloriam
822 1982 1014 2065 Martyrum,
1033 1979 1162 2063 gloriam
1182 1981 1261 2044 Con·

266 2082 434 2156 sessorum,
454 2084 581 2166 gloriam
592 2082 769 2165 Virginum,
783 2090 814 2143 et
835 2081 963 2164 gloriam
982 2079 1117 2142 omniurn
1132 2079 1263 2144 Sancto-

268 2203 334 2245 rum
357 2185 521 2246 videbunt:
542 2205 613 2244 suos
634 2182 753 2258 oculos,
777 2202 849 2242 suas
869 2179 979 2252 facies,
1004 2177 1106 2241 omnia
1128 2182 1264 2242 membra

267 2304 322 2344 sua
342 2283 467 2345 interius
479 2292 510 2345 et
526 2282 675 2354 exterius,
695 2280 896 2362 cogitationes
908 2278 1264 2362 singulorumintuebun-
1318 2327 1321 2333 -

266 2393 334 2444 tur:
354 2384 455 2443 omnia
469 2403 537 2463 quae
555 2383 670 2443 suntin
691 2403 769 2443 novo
789 2380 882 2456 ecclc,
898 2389 930 2443 et
943 2380 972 2441 in
994 2401 1074 2441 nova
1094 2389 1175 2443 terra
1188 2402 1261 2443 con-

266 2483 512 2563 templabuntur:
536 2482 673 2542 inimicos
693 2502 783 2552 suos,
803 2482 854 2563 qui
875 2502 909 2543 se
928 2481 999 2543 olim
1020 2479 1213 2554 afflixerunt,
1232 2484 1261 2544 in

265 2580 379 2644 insemo
398 2581 511 2664 jugiter
534 2581 700 2652 videbunt3
726 2590 758 2644 et
783 2583 821 2644 de
842 2582 889 2644 his
910 2581 1049 2645 omnibus
1072 2582 1263 2645 ineffabiliter

265 2681 449 2765 gaudebunt.
469 2680 608 2761 Oqualis
629 2681 771 2763 voluptas
787 2681 910 2744 auditus
923 2682 1061 2757 illorum,
1086 2683 1195 2765 quibus
1212 2684 1260 2744 in·

264 2791 418 2845 cessanter
430 2784 580 2844 sonabunt
594 2783 757 2845 harmoniae
770 2782 929 2854 coelorum,
945 2791 1108 2846 concentus
1123 2783 1259 2866 Angelo-

265 2901 350 2953 rum,
370 2881 525 2945 ‹lulcisona
539 2905 652 2966 organa
668 2885 802 2946 omnium
820 2885 1019 2948 Sanctorum!
1039 2883 1172 2948 Olfactio
1189 2905 1262 2966 qua-

264 2980 315 3053 lis,
331 2983 381 3044 ubi
403 2982 617 3045 suavissimum
635 2987 757 3045 odorem
776 2985 815 3046 de
830 2984 896 3065 ipso
913 2984 1074 3047 suavitatis
1095 2983 1179 3047 fonte
1193 2974 1263 3048 Deo

265 3083 419 3156 haurient,
435 3093 466 3145 et
478 3084 601 3146 odorem
617 3085 655 3146 de
668 3085 796 3168 Angelis
812 3094 842 3146 et
858 3087 896 3147 de
909 3087 1047 3148 omnibus
1057 3085 1180 3148 Sanctis
1191 3106 1264 3167 per-

264 3182 389 3265 cipientl
405 3182 463 3249 Eia
487 3183 585 3265 qualis
601 3183 743 3265 voluptas
760 3192 866 3266 gustus
881 3236 887 3256 ‚
905 3184 956 3246 ubi
980 3215 992 3235 u
1012 3185 1218 3266 epulabuntur
1232 3195 1264 3249 et

264 3283 442 3346 exultabunt
457 3283 488 3344 in
500 3290 664 3365 conspectu
678 3284 737 3346 Dei
754 3307 759 3345 :
776 3292 891 3346 etcum
906 3285 1082 3367 apparuerit
1093 3284 1191 3367 gloria
1202 3287 1265 3348 Dei

262 3385 495 3455 saturabuntur,
514 3391 546 3446 et
566 3385 605 3446 ab
621 3386 760 3446 ubertate
775 3386 885 3448 domus
900 3387 965 3470 ejus
979 3385 1226 3447 inebriabuntur!
1246 3419 1259 3438 η

262 3470 413 3565 Voluptas
425 3492 525 3545 tactus
540 3484 654 3565 qualis,
673 3485 724 3546 ubi
739 3486 841 3548 omnia
855 3506 964 3568 aspera
980 3495 1011 3548 et
1026 3486 1102 3547 dura
1116 3485 1261 3550 aberunt.

262 3588 293 3641 et
315 3583 416 3644 omnia
441 3583 553 3646 blanda
569 3571 608 3647 'et
632 3585 738 3648 suavia
758 3586 955 3649 arridebunt!
979 3585 1008 3649 Ο
1029 3605 1122 3668 quarn
1145 3605 1265 3669 magna

261 3679 423 3744 multitudo
436 3683 602 3746 dulcedinis
617 3684 790 3747 divitiarum
803 3737 809 3758 ,
827 3686 879 3748 ubi
893 3685 925 3747 iu
942 3684 1052 3768 gaudio
1064 3682 1187 3746 Domini
1204 3707 1262 3748 su·
1341 3732 1344 3737 -

260 3797 315 3857 per
329 3780 430 3843 omnia
448 3783 527 3844 bona
539 3804 597 3863 ¹sua
615 3785 847 3848 constituentur.
866 3788 946 3849 Ecce
960 3785 1038 3847 tales
1053 3791 1124 3846 sunt
1140 3784 1262 3848 deliciae

259 3876 452 3941 Sanctorum.
464 3882 582 3963 Moysis
593 3882 708 3944 sanitas
720 3894 802 3948 esset
811 3886 852 3948 ibi
865 3885 1036 3947 infirmitas.
1050 3884 1140 3947 Salus
1151 3895 1262 3950 autem

256 3977 406 4061 justorum
425 3979 598 4041 aDomino.
619 3980 704 4057 Quos
718 3983 743 4044 si
763 3992 898 4048 tentares
915 3986 1063 4068 impetere
1075 3983 1172 4056 ferro,
1197 4007 1260 4048 non

259 4078 327 4159 plus
342 4098 446 4159 posses
462 4077 570 4140 laedere
593 4100 685 4161 quam
709 4102 787 4146 nunc
810 4084 928 4146 radium
949 4083 1021 4146 solis
1039 4103 1157 4154 secare;
1185 4086 1259 4149 talis

259 4186 305 4239 est
327 4177 442 4240 sanitas
460 4179 625 4262 justorum.
644 4180 827 4248 Mathusalae
841 4184 1011 4267 longevitas
1025 4191 1106 4246 esset
1127 4184 1259 4265 prolixae

259 4278 365 4341 mortis
379 4276 554 4355 difficultas,
571 4300 646 4360 quos
665 4301 747 4343 mors
759 4295 790 4345 et
808 4283 892 4344 dolor
904 4282 1039 4366 fugiunt,
1054 4283 1125 4365 quia
1136 4283 1166 4346 in
1181 4305 1256 4366 per-
