3184 5442
295 723 359 785 ’286
671 740 700 780 u.
727 737 902 780 tnurnsucr

295 891 342 942 est
356 880 448 943 etiam
464 880 510 941 vis
525 879 642 953 divina,
659 879 690 940 in
705 899 765 960 qua
779 898 885 941 omncs
901 899 972 941 suas
986 879 1190 943 conscientias
1205 879 1291 964 quasi

296 981 425 1064 scriptas
439 980 596 1043 videbunt.

343 1274 396 1336 15.
421 1274 470 1335 De
494 1271 706 1335 subsecuturis
729 1271 906 1335 universale
919 1271 1097 1356 judicium,
1127 1286 1157 1334 et
1184 1273 1293 1335 muudi

297 1377 588 1460 conflagrationem
604 1395 643 1434 ac
657 1372 698 1434 de
713 1370 950 1459 reformatione.

342 1477 384 1539 D.
409 1474 491 1552 Quid
505 1472 660 1556 sequiturl
677 1508 716 1519 -
730 1472 773 1534 Μ.
789 1472 919 1536 Peracto
926 1471 1051 1556 judicio,
1069 1473 1210 1539 diabolus
1224 1499 1291 1541 cum

297 1583 363 1638 toto
373 1595 497 1658 corpore
509 1596 564 1637 suo
577 1625 583 1649 ,
598 1573 701 1648 idest,
715 1593 782 1635 cum
795 1571 934 1635 omnibus
945 1572 1062 1655 impiis,
1076 1573 1108 1634 in
1120 1595 1287 1652 carcerem,

298 1676 328 1739 id
343 1687 402 1751 est,
419 1676 449 1738 in
461 1661 603 1759 stagnum
615 1673 694 1758 ignis
706 1686 738 1736 et
750 1672 902 1755 sulphuris
916 1672 1156 1755 praecipitabitur
1168 1699 1175 1737 ι
1191 1676 1291 1741 Chris

299 1796 349 1841 tus
357 1798 428 1841 vero
439 1798 509 1840 cum
520 1797 631 1859 sponsa
642 1795 708 1849 sua,
720 1775 820 1849 idest,
831 1774 1095 1850 omnibuselectis,
1108 1797 1179 1839 oum
1189 1781 1293 1842 trium·

299 1878 380 1962 phali
395 1878 491 1961 gloria
508 1877 539 1938 in
559 1875 713 1941 civitatem
735 1874 839 1938 Patris
859 1873 906 1936 sui
926 1874 1081 1938 coelestem
1095 1876 1300 1942 Hierusalem
1337 1911 1339 1913 >

299 1987 478 2043 revertetur.

343 2080 383 2141 D.
412 2079 494 2156 Quid
505 2086 563 2152 est,
584 2076 785 2150 “Transiens
800 2074 1067 2138 ministrabitillisl
1082 2108 1094 2129 n
1111 2113 1152 2125 -
1166 2079 1212 2142 M.
1222 2081 1292 2144 Hoc

299 2190 363 2252 est,
386 2187 502 2242 remota
529 2177 631 2240 servili
653 2176 766 2248 forma,
798 2174 890 2237 talem
913 2175 1010 2256 qualis
1031 2184 1079 2238 est
1099 2180 1243 2242 ostendet
1260 2203 1294 2244 se

298 2278 401 2341 electis
419 2279 450 2340 in
471 2278 573 2341 Patris
589 2277 700 2361 gloria,
718 2282 753 2339 ut
771 2273 880 2337 dicitur
896 2304 902 2335 ;
921 2305 934 2328 «
948 2275 1155 2340 Manifestabo
1170 2279 1230 2343 illis
1244 2303 1293 2344 me

299 2380 407 2459 ipsum.
428 2410 439 2428 »ι

342 2476 381 2538 Ι).
410 2475 492 2551 Quid
510 2485 573 2547 est,
598 2504 610 2523 «ι
626 2473 741 2536 Tradet
762 2496 890 2557 regnum
903 2475 970 2538 Deo
987 2484 1019 2538 et
1032 2475 1138 2550 Patri,
1157 2489 1190 2541 et
1207 2480 1295 2544 Deus

298 2577 356 2637 erit
366 2573 467 2636 omnia
481 2573 511 2634 in
526 2572 683 2634 omnibus?
702 2604 713 2626 ..
737 2610 776 2621 -
793 2576 840 2638 M.
854 2576 890 2639 Id
904 2583 962 2648 est,
974 2573 1090 2639 Christi
1104 2578 1290 2654 humanitas,

299 2683 329 2738 et
344 2683 410 2738 tota
423 2672 559 2736 Ecclesia
570 2673 600 2735 in
617 2672 778 2737 divinitate
795 2675 982 2759 regnabunt;
997 2683 1029 2738 et
1043 2677 1129 2740 Deus
1144 2679 1204 2742 erit
1215 2702 1292 2765 gau-

297 2777 379 2839 dium
395 2774 541 2845 omnium,
554 2781 586 2836 et
596 2773 741 2857 gaudium
753 2775 949 2859 singulorum.
962 2775 1083 2860 Singuli
1091 2799 1226 2862 namque
1236 2782 1295 2844 sin

295 2877 399 2959 gulare
414 2873 559 2959 gaudium
577 2873 746 2950 habebunt,
766 2883 798 2937 et
817 2895 923 2938 omnes
937 2873 1027 2938 simul
1045 2876 1084 2939 de
1102 2877 1221 2942 visione
1235 2882 1295 2945 Dei

295 2976 480 3061 gaudebunt.

339 3078 381 3141 D.
402 3075 483 3154 Quid
499 3080 606 3157 postea
625 3074 663 3136 de
683 3075 795 3136 mundo
811 3073 884 3137 eritl
902 3110 943 3122 -
965 3077 1010 3139 M.
1032 3067 1294 3161 Conflagrabitur.

296 3178 383 3242 Sicut
396 3175 476 3237 enirn
495 3173 567 3236 olim
588 3195 668 3256 aqua
688 3174 792 3236 diluvii
815 3175 929 3237 mundo
947 3177 1122 3258 pravaluit,
1148 3189 1182 3242 et
1202 3200 1297 3264 super

296 3285 415 3340 montes
434 3295 539 3337 omnes
561 3274 671 3337 cubitis
691 3274 866 3357 quindecim
886 3276 1041 3348 excrevit,
1055 3275 1101 3340 ita
1121 3285 1197 3342 tuuc
1215 3278 1298 3364 ignis

296 3378 463 3460 praevalens
488 3397 577 3458 super
602 3397 707 3439 onmes
732 3384 852 3438 montes
870 3375 1042 3458 quindecim
1068 3376 1181 3440 cubitis
1201 3379 1298 3443 altius

297 3479 425 3543 ardebit.
1112 3530 1116 3542 .

340 3579 380 3640 D.
408 3576 547 3640 Interibit
555 3575 676 3658 penitus
688 3573 834 3636 mundusl
852 3608 891 3620 -
902 3574 949 3637 M.
960 3575 1076 3638 Renum
1086 3577 1294 3653 mutabilitas,

296 3684 327 3739 et
336 3675 568 3758 poenapeccati,
582 3674 707 3748 scilicet,
721 3673 827 3756 frigus
840 3683 944 3748 aestuS,
955 3674 1129 3759 grandines,
1139 3666 1294 3754 turbines,

293 3774 424 3858 fulgura,
438 3776 572 3838 tonitrua
581 3782 613 3836 et
622 3774 687 3835 aliae
696 3773 961 3837 incommoditates
970 3775 1092 3858 penitus
1102 3775 1294 3843 interibunt:

295 3875 445 3937 elementa
454 3895 527 3938 vero
538 3880 668 3956 purgata
680 3875 912 3954 permanebunt,
927 3884 962 3938 ut
976 3874 1103 3938 dicitur:
1122 3905 1135 3925 ι·
1153 3876 1298 3941 Mutabis

294 3994 345 4045 ea,
361 3981 392 4035 et
405 3976 612 4036 mutabuntur.
631 4003 643 4023 ν
659 3971 747 4036 Siout
761 3976 843 4040 enim
858 3996 991 4057 praesens
1004 3977 1103 4060 figura
1116 3985 1296 4042 nostrorum

294 4094 452 4155 corporum
462 4071 617 4149 transibit,
630 4080 662 4134 et
673 4071 762 4156 longe
774 4075 865 4138 aliam
876 4075 947 4138 huic
956 4074 1227 4159 incomparabilem
1240 4078 1296 4142 ha·

294 4173 377 4238 bebit
390 4199 394 4233 :
409 4172 453 4236 ita
463 4193 596 4256 praesens
605 4172 710 4234 mundi
720 4173 817 4255 figura
827 4176 947 4257 penitus
959 4175 1137 4258 praeteribit,
1153 4184 1185 4238 et
1202 4178 1294 4261 longe

296 4276 355 4338 alia
365 4271 607 4356 incomparabilis
621 4271 724 4355 gloriae
739 4271 837 4336 forma
851 4275 925 4351 erit,
941 4285 976 4339 ut
992 4275 1101 4340 dicitur
1120 4301 1125 4338 :
1151 4308 1163 4328 u
1184 4277 1293 4341 Faciet
