3184 5442
550 799 754 841 antemnarum
778 800 845 839 sun
869 799 1025 839 orneacus.
1219 779 1285 841 265

337 934 390 998 27.
419 937 467 997 De
480 937 647 1022 Prophetis
660 950 690 998 et
703 937 870 1022 Scriptura
887 959 994 998 sorra.
1205 1016 1209 1025 Ι

336 1037 377 1100 D.
405 1037 621 1101 Intellexerunt
635 1038 798 1120 Prophetae
818 1058 885 1120 quae
906 1038 1103 1120 scripseruntl
1122 1075 1159 1085 -
1176 1039 1222 1101 M.
1238 1038 1286 1101 In-

292 1135 483 1199 tellexerunt.
1168 1213 1171 1222 Ι

338 1238 377 1300 D.
405 1238 507 1316 Quare
527 1244 598 1299 tunc
613 1238 658 1300 ita
671 1239 796 1300 obscure
813 1247 844 1301 et
857 1260 918 1300 non
930 1237 1089 1300 manifesta
1103 1238 1216 1320 scripta
1231 1258 1287 1300 sua
1333 1274 1339 1283 ··

293 1337 465 1400 edideruntl
484 1373 527 1382 -
542 1337 589 1398 M.
608 1337 679 1399 Non
694 1337 881 1399 debuerunt:
899 1336 1081 1400 caementarii
1095 1356 1227 1418 namque
1238 1347 1285 1398 est

293 1443 481 1503 construere,
497 1435 621 1517 pictoris
636 1456 708 1497 vero
727 1435 863 1519 pingere.
880 1435 1065 1498 Patriarchae
1081 1435 1186 1518 itaque
1198 1436 1284 1519 quasi

293 1536 482 1618 designatum
507 1534 650 1598 Ecclesiae
673 1536 771 1597 locum
796 1537 900 1617 figuris
926 1535 1093 1597 foderunt:
1125 1536 1286 1618 Prophetae

292 1635 488 1698 fundamenta
500 1635 564 1719 ejus
580 1634 709 1716 Scriptis
729 1634 790 1695 suis
809 1642 991 1717 posuerunt;
1011 1623 1159 1714 Apostoli
1173 1636 1284 1718 praedi-

293 1734 462 1797 cationibus
482 1733 614 1816 parietes
637 1742 858 1807 extruxerunt;
876 1734 995 1795 illorum
1017 1741 1119 1795 autem
1140 1722 1285 1816 sequaces

294 1833 530 1916 expositionibus
555 1833 768 1917 depinxerunt.
792 1834 856 1897 Sed
881 1854 967 1896 sacra
986 1832 1140 1914 Scriptura
1162 1855 1223 1896 non
1240 1843 1287 1897 est

293 1933 351 1996 nisi
370 1933 438 1996 filiis
456 1933 515 1996 Dei
535 1933 664 2016 scripta,
688 1933 795 2016 quibus
817 1940 915 1996 mater
936 1933 1074 1997 Ecclesia
1098 1954 1152 2015 per
1170 1934 1286 1996 clavem

293 2033 396 2095 David
411 2033 509 2115 aperit
529 2033 631 2095 omnia
651 2033 763 2096 clausa.
789 2033 861 2094 Non
883 2032 936 2093 filii
958 2038 1060 2094 autern
1080 2039 1198 2095 tantum
1215 2031 1287 2094 foris

295 2129 409 2210 vident,
427 2142 457 2195 et
471 2153 531 2193 non
543 2132 729 2216 intelligent,
747 2133 819 2215 quia
830 2154 886 2195 nec
897 2142 1012 2207 amant,
1027 2153 1082 2195 nec
1094 2134 1230 2196 credunt.

338 2232 379 2294 D.
406 2232 484 2296 Cum
496 2233 691 2315 septuaginta
705 2233 830 2294 Hebraei
842 2231 963 2306 fuerint,
983 2254 1034 2295 cur
1049 2233 1136 2295 aliter
1152 2240 1286 2295 transtu-

295 2330 404 2405 lerunt,
423 2353 514 2414 quam
524 2333 686 2415 Propheta
701 2332 903 2414 scripseruntl
917 2368 955 2378 —
968 2332 1012 2394 M.
1025 2333 1120 2395 Sacra
1132 2333 1288 2415 Scriptura

297 2429 412 2493 duobus
430 2432 528 2495 modis
542 2432 729 2517 intelligitur,
742 2432 884 2496 historice
900 2443 931 2495 et
945 2432 1113 2515 allegorice.
1128 2433 1288 2515 Prophetae

296 2549 366 2611 ergo
383 2550 504 2592 sensum
521 2531 697 2594 historicum
714 2541 936 2595 contexuerunt
950 2556 955 2594 :
971 2532 1173 2616 Septuaginta
1185 2541 1286 2595 autern

295 2628 361 2702 viri,
381 2637 411 2692 et
426 2630 483 2711 ipsi
498 2629 671 2713 Prophetae,
690 2631 883 2715 allegoricum
900 2652 1021 2694 sensum
1034 2633 1262 2695 transtulerunt.

341 2935 396 2999 28.
424 2938 472 2998 De
482 2936 618 3022 Angelis
633 2935 823 2998 custodibus.

340 3037 381 3099 D.
407 3037 532 3100 Habent
541 3037 678 3099 homines
688 3037 830 3098 custodes
839 3033 992 3117 Angelosl
1008 3069 1047 3081 -
1057 3034 1105 3096 M.
1118 3035 1289 3118 Unicuique

296 3136 398 3219 genti,
412 3137 573 3220 unicuique
590 3137 705 3200 civitati
718 3144 853 3218 praesunt
870 3132 996 3217 Angeli‚
1015 3134 1067 3216 qui
1079 3136 1164 3220 jura,
1185 3133 1285 3217 legeS,

296 3256 396 3299 mores
420 3239 503 3322 juste
532 3237 710 3319 dispensant
735 3244 767 3298 et
789 3234 940 3298 ordinant.
970 3233 1168 3315 Unaquaeque
1196 3233 1288 3295 etiam

296 3336 397 3399 anima
411 3337 484 3399 dum
501 3336 533 3398 in
549 3347 657 3419 corpus
676 3335 827 3408 mittitur,
857 3334 976 3416 Angelo
994 3332 1212 3408 committitur,
1237 3332 1288 3415 qui

296 3456 363 3498 eam
378 3457 499 3518 semper
510 3436 549 3498 ad
560 3437 673 3497 bonum
689 3434 805 3511 incitet,
824 3441 856 3496 et
872 3432 973 3495 omnia
987 3452 1079 3514 opera
1097 3433 1162 3516 ejus
1175 3433 1243 3496 Deo
1258 3441 1289 3495 et

295 3534 423 3618 Angelis
434 3535 465 3597 in
480 3535 562 3598 coelis
574 3533 693 3597 referat.

339 3635 379 3696 D.
406 3634 485 3698 Cum
496 3635 582 3696 Deus
593 3634 695 3696 omnia
703 3633 789 3705 sciat,
807 3643 838 3695 et
856 3632 952 3695 sancti
965 3631 1078 3714 Angeli
1090 3632 1121 3693 in
1133 3651 1169 3692 eo
1182 3640 1290 3694 cuncta

296 3743 418 3796 cernant
431 3785 436 3805 ‚
455 3734 527 3817 quid
541 3741 644 3816 potest
660 3733 704 3795 eis
719 3731 823 3794 referri
841 3732 922 3813 quod
939 3731 1091 3793 nesciantl
1106 3767 1145 3778 -
1158 3731 1204 3793 M.
1219 3732 1289 3794 An-

296 3832 380 3916 gelos
394 3841 481 3896 aotus
495 3840 615 3896 nostros
633 3833 700 3894 Deo
716 3840 747 3894 et
768 3831 896 3916 Angelis
913 3851 1053 3906 narrare,
1073 3852 1133 3892 non
1148 3839 1195 3892 est
1209 3830 1291 3892 aliud

296 3953 386 4014 quam
404 3933 443 3994 de
457 3940 562 3995 nostro
577 3938 723 4015 provectu
743 3931 772 3991 in
789 3931 856 3993 Deo
875 3930 1094 4013 congratulari,
1110 3939 1144 3993 ut
1158 3930 1287 3993 ilicitur:

300 4064 312 4082 ι·
329 4031 483 4094 Gaudium
499 4031 557 4094 erit
567 4031 696 4113 Angelis
711 4029 769 4092 Dei
785 4051 876 4111 super
890 4050 950 4091 uno
965 4037 1123 4112 peccatore
1138 4029 1289 4112 poeniten-

294 4132 368 4195 tiam
389 4139 498 4214 agente
518 4164 529 4183 »ν
545 4140 553 4201 “;
591 4131 669 4193 sicut
689 4151 706 4191 e
725 4138 830 4192 contra
844 4130 962 4191 illorum
983 4129 1170 4202 contristari,
1192 4136 1239 4191 est
1252 4129 1290 4190 de

294 4231 406 4297 nostris
418 4231 497 4293 male
510 4231 604 4315 gestis
616 4230 775 4314 indignari.

338 4332 380 4392 D.
406 4330 486 4392 Sunt
498 4330 610 4413 jugiter
623 4330 732 4411 Angeli
745 4329 772 4388 in
785 4339 863 4391 terra
878 4350 944 4391 rum
959 4328 1004 4389 his
1015 4348 1090 4409 ‹puos
1100 4325 1289 4388 custodiuntl
