3184 5442
389 713 450 776 158
777 733 803 772 n.
831 731 1004 772 nnnrnnncr

436 902 448 921 «ι
466 873 535 953 Ego
556 869 758 952 Berengarius
778 868 1004 932 anathematizo
1027 889 1095 931 eam
1112 869 1252 934 haeresim
1270 872 1308 936 de
1325 895 1389 956 qua

386 972 532 1034 hactenus
552 968 717 1033 infamatus
732 989 799 1031 sum
814 1021 820 1042 ,
836 989 904 1051 quae
916 974 1053 1031 astruere
1067 977 1193 1033 conatur
1208 992 1340 1053 panem,
1357 984 1390 1038 et

386 1070 509 1144 vinum,
525 1091 593 1152 quae
602 1069 633 1130 in
645 1068 735 1132 altari
746 1078 910 1150 ponuntur,
927 1073 997 1150 post
1007 1069 1265 1132 consecrationem
1276 1072 1391 1136 solum·
1467 1089 1470 1095 ’

387 1170 476 1232 modo
499 1174 722 1233 sacramentum
736 1191 743 1240 ;
759 1176 791 1230 et
814 1188 875 1230 non
893 1187 1000 1231 verum
1022 1187 1130 1248 corpus
1153 1173 1185 1231 et
1205 1171 1388 1254 sanguinem

387 1270 512 1333 Domini
526 1269 622 1333 nostri
634 1271 654 1333 J
656 1264 710 1333 esu
722 1267 837 1332 Christi
849 1289 928 1331 esse.
950 1299 963 1320 ’ν

432 1369 615 1433 Rectissime
635 1368 667 1430 id
690 1367 835 1450 quidem,
859 1374 891 1431 et
913 1366 980 1451 ipse
1006 1367 1174 1449 praecepit,
1199 1376 1231 1431 et
1253 1372 1392 1456 synodus

387 1469 537 1545 assensit,
555 1476 586 1533 et
603 1477 638 1532 tu
661 1476 808 1533 executus
830 1487 879 1545 es,
894 1467 920 1531 si
941 1467 1055 1530 labium
1075 1468 1214 1531 dolosum
1222 1468 1254 1530 in
1277 1473 1388 1540 corde.

388 1579 420 1634 et
437 1571 527 1634 corde
543 1571 662 1633 locutus
676 1590 736 1632 non
754 1567 882 1644 fuisses,
897 1567 923 1630 si
944 1566 983 1629 ad
999 1565 1162 1649 pristinum
1177 1569 1343 1645 vomitum,
1359 1582 1393 1636 et
1413 1574 1415 1579 ’

387 1671 427 1733 ad
443 1670 705 1737 volutabrumluti
718 1667 878 1731 infeliciter
891 1669 1030 1753 perjurus
1044 1673 1154 1749 postea
1167 1689 1226 1730 non
1242 1669 1389 1735 redisses.

386 1772 548 1835 Sacrorum
559 1790 692 1853 namque
704 1790 854 1832 canonum
865 1767 1047 1831 auctoritate
1058 1766 1248 1844 instruimur,
1258 1777 1391 1836 utnemo

388 1873 427 1934 ah
447 1871 553 1934 haeresi
572 1877 730 1937 revertens
751 1867 974 1933 Ecclesiasticae
1000 1867 1219 1931 communionis
1235 1870 1392 1956 particeps

388 1993 455 2035 esse
474 1971 680 2053 permittatur,
696 1967 800 2052 quoad
822 1989 919 2051 usque
938 1988 1115 2050 perversum
1134 1968 1247 2052 dogma
1265 1969 1389 2036 vinculo

388 2070 593 2135 anathematis
617 2072 762 2133 damnare
786 2069 997 2152 compellatur.
1018 2068 1136 2130 Verum
1154 2060 1195 2130 in‘¹
1203 2068 1251 2131 his
1263 2071 1387 2150 verbis,

387 2191 444 2234 neo
459 2172 552 2233 verba
568 2177 622 2233 tua
642 2169 781 2253 superius
796 2170 914 2251 posita,
932 2188 989 2231 nec
1001 2188 1106 2230 eorum
1121 2169 1289 2233 sententias
1304 2171 1390 2254 quis-

362 2291 479 2353 -quam
504 2269 617 2352 poterit
641 2269 788 2332 invenire.
815 2269 906 2333 Unde
932 2275 1062 2352 apparet
1090 2289 1321 2351 perversorem,
1352 2293 1391 2337 ac

389 2371 600 2432 subversorem
612 2375 642 2432 te
654 2389 723 2431 esse
733 2368 904 2431 divinarum
915 2369 1098 2441 litterarum,
1107 2376 1140 2432 et
1151 2391 1191 2432 ex
1198 2370 1386 2452 depravatis,
1446 2406 1448 2409 ·

387 2468 526 2551 fictisque
540 2468 699 2531 sententiis
718 2467 828 2530 erroris
843 2468 971 2530 nebulas
987 2489 1130 2552 spargere
1143 2469 1313 2551 imperitis,
1330 2471 1389 2535 fal-

387 2589 515 2650 sumque
529 2588 596 2630 esse
611 2568 693 2650 quod
704 2588 743 2630 ex
758 2566 836 2630 falso
852 2567 1000 2650 principio
1015 2567 1187 2632 constiterit
1200 2590 1355 2636 emanare.

431 2874 463 2936 6.
487 2873 630 2937 Benene.
652 2905 664 2925 u
681 2873 768 2936 Sicut
778 2871 861 2934 enim
873 2873 926 2955 qui
937 2872 1011 2936 dicit
1022 2894 1030 2934 ε
1043 2871 1182 2935 Christus
1192 2879 1240 2935 est
1250 2895 1388 2938 summus

387 2974 541 3059 angularis
551 2974 645 3057 lapis,
656 2972 811 3037 Christum
822 2993 883 3034 non
898 2972 1008 3047 aufert,
1018 2971 1173 3036 Christum
1185 2993 1253 3035 esse
1263 2974 1387 3037 omnino

387 3075 561 3141 constituit:
579 3075 624 3139 ita
636 3075 689 3159 qui
705 3074 779 3138 dicit
793 3073 883 3158 panis
896 3074 1003 3138 altaris
1015 3074 1204 3138 solummodo
1218 3080 1267 3138 est
1280 3097 1385 3140 sacra-

387 3185 541 3251 mentum,
559 3177 608 3239 vel
628 3175 718 3258 panis
739 3173 845 3238 altaris
863 3175 1054 3237 solummodo
1079 3180 1127 3236 est
1145 3194 1254 3236 verum
1277 3196 1388 3258 corpus

386 3274 518 3351 Christi,
533 3297 645 3358 panem
657 3276 688 3337 in
704 3275 793 3338 altari
815 3296 882 3338 esse
897 3296 958 3338 non
975 3280 1068 3359 negat
1082 3326 1089 3349 ,
1104 3294 1216 3357 panem
1233 3282 1267 3338 et
1280 3275 1386 3340 vinum

385 3394 452 3436 esse
465 3377 624 3439 confirmat
637 3375 669 3437 in
681 3394 787 3437 mensa
803 3374 966 3438 dominica.
987 3407 999 3429 n

429 3473 552 3535 Laura.
576 3474 693 3536 Verum
716 3480 894 3537 annecteres
914 3473 940 3536 si
958 3473 1084 3557 ignarus
1096 3475 1233 3539 veritatis
1249 3473 1382 3558 priorem

384 3572 598 3653 propositionis
609 3581 729 3655 partem
739 3572 902 3654 quisquam
912 3582 1078 3650 statueret;
1091 3577 1150 3640 nisi
1160 3576 1239 3640 forte
1248 3577 1381 3660 figurato

383 3671 543 3734 locutionis
570 3673 661 3734 modo
687 3673 816 3735 verbum
845 3672 919 3734 illud
941 3673 1100 3756 proferret.
1133 3677 1275 3741 Solemus
1298 3675 1380 3738 enim

383 3770 501 3853 aliquas
515 3791 563 3834 res
574 3771 693 3835 illarum
703 3791 822 3845 rerum,
839 3791 878 3833 ex
892 3773 1003 3855 quibus
1015 3774 1195 3854 efficiuntur,
1207 3775 1381 3840 nominihus

383 3871 552 3953 appellare,
570 3871 710 3954 quamvis
723 3870 756 3932 in
778 3867 871 3947 aliam
890 3880 1031 3937 naturam
1050 3879 1223 3953 translata,
1236 3877 1303 3963 jam
1319 3895 1382 3940 non

382 3969 501 4054 possint
511 3991 579 4034 esse
589 3971 664 4034 illud
677 4022 683 4047 ‚
697 3970 778 4053 quod
789 3978 862 4032 sunt
873 3990 922 4034 res
934 3971 1014 4054 illae‚
1033 3996 1073 4037 ex
1089 3978 1198 4060 quibus
1212 3977 1380 4060 probantur

382 4068 507 4133 effectae.
533 4071 620 4135 Sicut
644 4073 752 4135 beatus
771 4069 964 4152 Augustinus
982 4072 1013 4135 in
1037 4082 1175 4159 extremo
1191 4075 1379 4161 psalmorum

383 4170 604 4254 explanationis
623 4193 732 4254 opere,
757 4200 770 4223 u
791 4169 966 4233 cristallum
984 4184 1076 4239 vocat
1096 4177 1199 4241 nivem
1215 4176 1381 4240 multorum

384 4292 530 4334 annorum
546 4271 686 4335 duratam
702 4287 840 4352 tempore
856 4280 887 4333 et
905 4272 983 4336 serie
1002 4276 1179 4342 saeculorum
1196 4309 1228 4355 n,
1244 4298 1312 4341 curn
1327 4275 1380 4338 nix
