3184 5442
411 747 500 790 urssn
525 748 721 802 nneosrons
744 747 782 790 ar
807 748 896 790 sano.
925 750 1046 791 nonum.
1163 729 1222 792 171

228 909 300 953 caro
310 890 352 953 ibi
361 891 490 953 sumitur
502 939 508 964 ,
522 890 588 975 ejus
601 890 724 974 sanguis
738 912 798 954 non
806 891 914 976 jamin
926 911 1033 954 manus
1046 889 1222 969 infidelium,

227 989 283 1052 sed
299 989 331 1052 in
348 1011 403 1053 ora
415 989 548 1053 fidelium
568 988 713 1055 funditur.
727 990 923 1054 Pensandum
939 1011 1010 1074 ergo
1021 997 1069 1054 est
1079 991 1168 1074 quale
1182 989 1223 1053 sit

228 1088 286 1153 hoc
300 1089 491 1164 sacrificium,
507 1091 654 1174 quodpro
667 1091 855 1176 absolutione
866 1099 971 1155 nostra
981 1098 1109 1156 mortem
1119 1090 1222 1176 unige-

228 1187 285 1252 niti
302 1188 357 1252 filii
371 1210 491 1273 semper
503 1190 650 1255 imitatur.
671 1223 683 1246 n
701 1191 843 1256 Imitatur
864 1191 957 1264 dixit,
976 1211 1037 1253 non
1058 1192 1217 1274 operatur,

228 1288 301 1372 quia
319 1318 332 1344 a
352 1310 513 1374 resurgens
533 1310 573 1353 ex
595 1291 742 1365 mortuis,
756 1293 821 1377 jam
839 1312 901 1353 non
919 1291 1061 1368 moritur,
1080 1312 1162 1354 mors
1179 1289 1222 1352 illi

228 1389 378 1453 ultranon
389 1389 607 1454 dominabitur.
623 1421 635 1446 »ι
650 1387 729 1455 Caro
740 1412 812 1475 ergo
824 1398 856 1454 et
867 1392 990 1476 sanguis
1001 1392 1111 1474 quibus
1120 1390 1224 1454 adim-

229 1491 408 1572 petrandam
423 1490 626 1572 propeccatis
637 1492 750 1555 nostris
763 1491 823 1555 Dei
838 1491 1074 1555 misericordiam
1087 1489 1224 1574 quotidie

229 1589 353 1667 alimur,
382 1590 497 1655 Christi
522 1611 631 1674 corpus
653 1612 689 1655 ao
708 1592 833 1676 sanguis
857 1600 1021 1667 vocantur,
1046 1612 1107 1654 non
1126 1590 1223 1654 solum

229 1689 302 1772 quia
317 1688 519 1755 essentialiter
534 1690 615 1754 idem
635 1698 706 1754 sunt
722 1691 919 1773 qualitatibus
931 1692 1093 1774 plurimum
1108 1690 1222 1754 discre-

230 1796 338 1873 pantes
349 1814 355 1864 ;
368 1812 472 1855 verum
486 1791 579 1854 etiam
590 1811 626 1854 eo
635 1790 794 1854 locutionis
803 1791 905 1864 modo,
919 1810 979 1873 quo
991 1811 1041 1855 res
1052 1789 1225 1875 ngnificans

229 1889 405 1973 significatae
412 1891 454 1955 rei
463 1891 541 1954 solet
550 1891 697 1954 vocabulo
707 1889 885 1972 nuncupari.
894 1889 962 1953 Nec
968 1891 1051 1975 juste
1062 1889 1223 1973 quisquam

229 1990 411 2066 movebitur,
428 1991 454 2054 si
466 1991 574 2054 eadem
588 2011 670 2066 caro,
683 1990 825 2072 idemque
835 1989 959 2074 sanguis
970 1990 1160 2073 suiipsorum
1172 2009 1222 2052 sa·

229 2098 385 2154 eramenta
405 2091 540 2155 existant
561 2092 726 2156 secundum
747 2090 830 2153 aliud
848 2096 942 2172 atque
964 2090 1046 2153 aliud
1067 2097 1219 2172 accepta:

230 2209 299 2252 cum
313 2189 380 2273 ipse
394 2190 545 2255 Dominus
558 2191 579 2252 J
580 2211 650 2254 esus
663 2199 735 2274 post
750 2190 1000 2254 resurrectionem
1011 2211 1099 2254 suam
1110 2190 1157 2254 sui
1171 2189 1221 2273 ip-

231 2287 293 2352 sius·
306 2289 429 2354 diversa
443 2297 616 2373 temporum
631 2290 748 2354 ratione
766 2298 875 2375 typum
890 2289 1019 2374 gesserit
1034 2295 1066 2353 et
1079 2291 1218 2374 figuram.

229 2389 393 2472 Apparens
408 2390 488 2452 enim
505 2389 621 2453 duobus
633 2389 804 2473 discipulis,
822 2390 1000 2477 locutusque
1016 2389 1059 2453 eis
1074 2395 1222 2473 quantum

230 2489 306 2553 satis
317 2510 384 2552 esse
395 2489 559 2575 judicavit,
573 2490 646 2552 dum
665 2490 754 2553 finxit
768 2511 801 2552 se
815 2489 934 2573 longius
948 2491 1007 2564 ire,
1022 2490 1101 2554 siout
1114 2492 1224 2554 beatus

230 2588 421 2673 Augustinus
437 2589 525 2665 dicit,
541 2588 724 2673 significavit
739 2597 772 2652 Se
784 2599 854 2672 post
865 2611 979 2674 paucos
993 2591 1057 2653 dies
1069 2590 1100 2652 in
1113 2591 1221 2654 coelum

230 2709 424 2753 ascensurum
436 2711 514 2754 esse.
532 2691 623 2769 Quod
637 2689 695 2753 iter
710 2690 800 2775 longe
813 2698 963 2754 remotum
976 2699 1024 2754 est
1038 2691 1222 2754 acommuni

232 2786 386 2852 hominum
398 2790 473 2866 vita,
486 2811 554 2874 quae
568 2790 643 2874 ipsis
654 2797 686 2853 et
700 2792 816 2869 duobus
831 2791 983 2875 discipulis
998 2789 1223 2854 evidentissime

232 2887 371 2970 figurata.
391 2889 530 2955 Christus
547 2910 620 2975 ergo
635 2889 748 2954 Christi
769 2897 817 2955 est
830 2886 1068 2956 sacramentum.
1087 2887 1223 2972 Longius

231 2987 372 3054 videlicet
395 2989 439 3054 ire
458 3011 492 3054 se
510 2991 643 3074 fingens;
663 2990 783 3074 longius
802 3011 856 3053 suo
876 2998 1013 3071 tempore
1033 2987 1223 3052 ascendentis

233 3086 264 3150 in
276 3089 396 3153 coelum.
408 3090 494 3154 Idem
506 3091 653 3176 ejusdem,
667 3111 722 3155 neo
732 3100 835 3154 tamen
845 3108 1062 3172 usquequaque
1073 3088 1218 3172 ejusdem.

233 3187 333 3253 Verus
343 3211 476 3274 namque
487 3191 584 3267 Deus,
603 3197 635 3254 et
647 3212 739 3255 verus
754 3191 857 3266 homo,
874 3190 1047 3273 attingens,
1065 3194 1097 3250 et
1114 3206 1220 3250 ascen-

234 3287 320 3352 dens.
343 3290 563 3354 Verumtamen
582 3290 663 3354 aliud
682 3299 729 3355 est
750 3292 930 3375 figmentum
952 3287 1064 3351 terreni
1085 3285 1218 3360 itineris

234 3387 315 3451 aliud
327 3389 359 3452 in
372 3390 605 3456 coelumveritas
614 3392 817 3455 ascendentis.
829 3390 897 3454 Nec
908 3387 1069 3472 aliquisita
1081 3387 1222 3468 desipue-

235 3485 290 3564 rit,
303 3497 338 3553 ut
356 3497 519 3574 propterea
532 3492 683 3574 abnegare
697 3496 864 3574 praesumat
877 3490 1042 3572 fingentem
1057 3507 1091 3550 se
1105 3485 1224 3572 longius
1337 3488 1339 3493 ’

235 3585 278 3651 ire
292 3610 358 3654 esse
372 3591 527 3656 Christum
542 3612 648 3656 verum
661 3614 668 3665 ;
687 3592 760 3674 quia
774 3591 841 3674 ipso
854 3593 999 3675 figmento
1012 3587 1154 3674 longioris
1168 3588 1219 3652 iti-

235 3688 313 3752 neris
327 3690 508 3775 significavit
522 3712 628 3754 verum
642 3689 796 3755 Christum
809 3710 1003 3755 ascensurum
1012 3688 1043 3751 in
1052 3689 1173 3753 coelum.

278 3787 371 3853 Porro
386 3796 609 3855 sacramentum
624 3791 693 3854 fidei
707 3790 737 3853 in
752 3791 820 3874 ipsa
836 3791 876 3854 ad
890 3788 1081 3854 Bonifacium
1095 3787 1224 3871 epistola

235 3889 340 3953 beatus
354 3891 546 3976 Augustinus
559 3890 747 3974 baptismum
759 3899 861 3956 vocat.
874 3892 975 3956 Verus
990 3897 1094 3955 autem
1103 3888 1223 3972 baptis-

234 4009 302 4054 mus
314 3998 435 4056 coustat
448 4013 508 4056 non
524 3999 587 4056 tam
603 3991 756 4055 ablutione
773 3991 907 4074 corporis
921 4012 1012 4075 quam
1030 3986 1089 4053 fide
1104 3987 1221 4061 cordis,

234 4091 490 4171 quemadmodum
511 4090 677 4174 apostolica
697 4091 835 4156 doctrina
857 4091 951 4155 tradit
972 4089 1092 4154 dicens:
1119 4117 1132 4140 u
1147 4087 1225 4151 Fide

233 4189 382 4254 mundans
393 4192 485 4256 corda
499 4212 612 4254 eorum.
635 4221 646 4242 n
667 4191 709 4253 Et
721 4190 811 4255 alibi:
834 4220 846 4242 u
863 4190 915 4254 Sic
929 4198 960 4253 et
973 4210 1027 4253 vos
1038 4187 1139 4251 salvos
1151 4184 1224 4250 facit

233 4289 402 4370 baptisma,
421 4313 480 4353 non
504 4290 602 4355 carnis
622 4275 771 4373 depositio
790 4289 941 4364 sordium,
963 4289 1017 4350 sed
1035 4284 1223 4350 conscientie
