3184 5442
561 701 678 743 orossm
701 701 734 742 uu
759 702 806 743 ee.
830 703 871 743 nu
894 703 1008 745 ruinis.
1222 685 1286 747 109

294 844 459 908 trimenta:
477 843 553 906 fides
568 843 647 906 euim
672 841 786 907 Christi
802 843 954 907 observari
974 865 1028 907 eas
1048 865 1108 907 nou
1122 846 1284 928 permittit.

294 945 371 1023 Quae
386 943 467 1007 euim
481 943 646 1006 adventum
662 941 775 1007 Christi
791 943 1002 1007 tantummodo
1018 943 1243 1028 significabant,
1261 948 1288 1011 si

290 1047 356 1129 jam
381 1052 552 1117 serventur,
583 1041 743 1106 advenisse
768 1063 839 1105 eum
866 1050 992 1126 negant.
1018 1077 1061 1090 —
1089 1044 1287 1110 Eminentem

294 1141 488 1229 scientiam]
503 1141 670 1207 Scieutiam
685 1139 801 1204 Christi
821 1141 933 1205 babere
953 1163 1013 1205 non
1031 1149 1135 1227 potest
1153 1145 1289 1231 quisquis

294 1244 428 1308 carnalia
440 1249 594 1325 praeoepta
604 1239 680 1323 legis
692 1242 845 1312 observat,
856 1240 904 1304 vel
917 1243 1106 1306 observanda
1120 1252 1220 1327 putat.
1247 1283 1290 1295 -

294 1342 353 1404 Ad
372 1341 617 1428 agnoscendum.
631 1339 643 1426 ]
658 1340 754 1417 Quasi
776 1341 907 1416 diceret,
930 1342 981 1425 qui
997 1364 1030 1406 se
1052 1343 1084 1406 in
1099 1343 1167 1430 lege
1177 1347 1292 1432 justifi-

295 1441 474 1527 cariputat,
493 1427 723 1527 uon‘oognoscit
736 1440 891 1505 Christum
906 1462 914 1504 ι
929 1443 984 1506 sed
1006 1463 1062 1526 ego
1078 1452 1183 1526 spreta
1201 1446 1291 1530 legali

291 1542 430 1630 justitia,
447 1544 479 1605 in
489 1543 549 1607 fide
560 1544 629 1629 ejus
639 1541 799 1629 justificari
810 1542 897 1616 volo,
914 1549 950 1605 ut
965 1563 1129 1626 agnoscam
1138 1545 1239 1622 illum,
1258 1548 1291 1611 id

294 1647 358 1716 est,
371 1640 819 1724 quodinoamatusetmortuus
827 1640 878 1704 sit.
899 1676 939 1688 —
968 1640 1290 1706 lsimrrtemrerurrec-

295 1739 419 1825 tionis]
428 1740 535 1804 Virtus
547 1739 774 1804 resurrectionis
783 1738 899 1804 Christi
913 1746 962 1803 est
972 1739 1152 1825 ,justificare
1163 1745 1289 1807 creden-

294 1849 359 1912 tea
380 1841 461 1903 uude
481 1840 552 1903 olibi
573 1839 665 1904 dicit:
685 1840 729 1902 Et
743 1846 919 1902 resurrexit
932 1851 1068 1923 propter
1076 1841 1288 1925 justificatio-

295 1961 367 2002 nem
381 1953 534 2004 nostram.
566 1976 606 1989 -
636 1940 680 2003 Ec
693 1936 911 2023 societatem]
934 1937 988 2002 llle
1005 1938 1098 2002 habet
1112 1940 1288 2006 societatem

294 2037 444 2123 passionis
455 2040 477 2104 J
479 2060 532 2103 esu
542 2039 674 2113 Christi,
697 2041 750 2123 qui
764 2041 809 2103 ita
822 2039 976 2124 patiturin
990 2038 1045 2102 hoc
1057 2041 1167 2103 saeculo
1181 2092 1187 2115 ,
1211 2042 1290 2108 siout

295 2138 377 2202 idem
403 2161 512 2225 passus
536 2150 584 2204 est
606 2162 614 2203 :
640 2161 708 2224 quae
732 2140 863 2205 societas
887 2147 959 2203 tuuc
984 2140 1061 2202 bene
1085 2141 1287 2224 cognoscitur,

296 2244 483 2326 quandoper
501 2265 572 2307 eam
592 2242 743 2326 perveniri
760 2243 800 2306 ad
815 2242 927 2327 gaudia
941 2240 1073 2306 calestia
1088 2244 1230 2309 creditur.
1245 2283 1289 2294 —

299 2340 525 2428 Configurotas
547 2351 643 2405 morti
656 2341 762 2428 ejus]
790 2341 824 2429 lu
840 2341 1009 2427 baptisrno;
1036 2349 1071 2405 ut
1092 2343 1173 2408 enim
1194 2345 1290 2410 tribus

294 2441 402 2507 diebus
411 2443 507 2529 jacuit
518 2442 658 2508 Christus
670 2443 701 2505 iu
716 2441 874 2524 sepulchro
887 2493 894 2518 ,
911 2441 955 2506 sic
970 2441 1001 2505 in
1014 2442 1198 2525 baptismate
1210 2446 1290 2510 trina

296 2541 338 2607 sit
348 2542 511 2605 immersio.
539 2577 582 2590 -
606 2539 755 2628 Sequun]
769 2539 888 2614 Imitor,
905 2539 1020 2624 inquit,
1038 2540 1193 2607 Christum
1203 2546 1290 2608 bonis

296 2641 450 2725 operibus,
471 2661 584 2705 conaus
602 2639 628 2704 si
644 2639 747 2723 aliquo
763 2640 855 2703 modo
869 2640 1053 2724 quandoque
1067 2642 1187 2726 capiam
1204 2644 1289 2708 illum

295 2740 432 2825 perfecta
453 2740 672 2826 intelligentia,
691 2739 723 2802 in
746 2759 808 2822 qua
832 2739 898 2821 ipse
916 2739 1009 2823 coepit
1023 2762 1072 2804 me
1092 2741 1123 2804 in
1138 2743 1195 2808 hac
1211 2745 1285 2808 vita.

296 2839 349 2905 Sic
372 2839 463 2915 alibi,
487 2826 575 2903 Tunc
600 2861 811 2925 cognoscam,
828 2847 911 2900 sicut
926 2851 957 2901 et
982 2847 1126 2925 cognitas
1151 2865 1232 2906 sune.
1248 2879 1288 2892 -

300 2938 401 3004 Unum
422 2938 554 3026 autem]
567 2940 689 3015 Unum,
706 2939 823 3023 inquit,
847 2939 885 3001 de
902 2959 952 3001 me
966 2947 1094 3021 possunt
1107 2942 1292 3007 confidenter

296 3059 451 3104 asserere:
466 3048 603 3104 terrenas
612 3060 743 3123 namque
754 3037 952 3111 substantias,
963 3058 1041 3120 quas
1054 3045 1179 3121 propter
1189 3039 1290 3103 Deum

297 3138 420 3223 reliqui,
437 3139 558 3224 penitus
576 3138 773 3216 obliviscens,
792 3139 832 3201 ad
850 3146 965 3200 aeterna
988 3156 1056 3219 quae
1070 3138 1291 3220 temporalibus

296 3241 416 3324 potiora
429 3248 514 3314 sunt,
533 3246 600 3303 tota
613 3238 780 3303 intentione
794 3258 844 3301 me
859 3237 1027 3301 extendens
1040 3234 1150 3300 festino
1164 3238 1205 3301 ad
1218 3240 1290 3302 des-

296 3339 446 3415 tinatum,
463 3340 495 3404 id
510 3347 573 3415 est,
591 3339 677 3403 adid
698 3339 779 3422 quod
795 3359 844 3402 me
865 3334 1076 3402 festinaturum
1100 3345 1202 3402 mente
1217 3361 1290 3424 pro·

296 3439 402 3523 posui,
425 3439 566 3504 videlicet
588 3440 628 3503 ad
651 3439 807 3515 bravium,
833 3439 866 3502 id
890 3445 953 3515 est,
979 3437 1136 3523 praemium
1153 3460 1291 3522 supemae

190 3586 196 3593 -
296 3539 484 3617 vocationis,
502 3540 611 3615 idest,
632 3541 705 3604 vitae
716 3547 849 3615 aeternae,
864 3540 1008 3622 adquam
1021 3547 1112 3603 vocat
1127 3561 1182 3602 nos
1191 3540 1288 3603 Deus.

300 3675 342 3690 -
365 3640 410 3703 Et
426 3647 457 3702 si
472 3638 580 3728 quial]
605 3641 641 3705 Id
663 3646 710 3704 est
725 3639 752 3702 si
765 3639 933 3722 perfectam
955 3638 1070 3703 Christi
1090 3639 1292 3724 cognitionem

297 3761 355 3806 vos
374 3739 487 3805 habere
507 3739 645 3825 putatis;
669 3747 701 3803 et
719 3739 798 3815 hoo,
820 3737 853 3800 id
876 3747 943 3813 est,
974 3738 1052 3801 male
1076 3759 1133 3801 vos
1152 3751 1290 3822 sapere,

296 3839 385 3904 vobis
400 3860 455 3924 per
468 3839 704 3904 misericordiam
719 3859 806 3901 suam
822 3837 969 3901 revelabit
983 3838 1081 3901 Deus.
1108 3872 1149 3885 -
1175 3838 1291 3900 Perve-

298 3937 430 4026 nimus]
444 3939 540 4019 Quasi
556 3938 692 4002 diceret:
711 3937 802 4017 Quod
813 3937 852 4000 de
866 3936 988 4001 Christo
1003 3937 1149 4020 sapimus,
1165 3939 1292 4003 firmiter
1383 3924 1386 3931 ¹

298 4047 509 4115 teneamus,et
520 4059 611 4122 opere
622 4037 839 4121 compleamus.
866 4070 910 4083 -
937 4034 1001 4120 Qui
1009 4034 1225 4122 reformabit]
1240 4038 1293 4101 Sic

298 4141 329 4203 in
343 4140 393 4203 die
402 4138 630 4204 resurrectionis
644 4136 820 4201 reformabit
828 4135 969 4200 Christus
976 4157 1086 4219 corpus
1091 4146 1228 4201 nostrum
1240 4161 1248 4214 3
1258 4147 1292 4200 ut

298 4240 439 4307 eamdem
453 4238 601 4304 claritatis
616 4239 743 4322 figuram
758 4236 890 4311 habeat,
908 4256 999 4320 quam
1025 4236 1118 4299 habet
1139 4245 1171 4299 et
1189 4257 1290 4303 suum,
