3184 5442
594 722 710 764 orossu
734 722 767 763 1n
790 721 840 763 rr.
866 722 907 762 Ao
930 723 1003 764 nou.
1249 705 1294 767 25

299 860 389 923 eavit.
418 895 459 908 —
484 861 554 923 Lex
572 872 677 922 autem
695 860 919 946 subintravit]
938 862 1035 925 Moris
1055 867 1103 925 est
1122 842 1293 935 divinarum

297 959 485 1038 litterarum,
504 961 554 1024 ubi
568 961 672 1044 plures
684 980 782 1024 oausae
793 969 864 1025 sunt
875 1011 882 1035 ‚
894 982 986 1024 unam
997 967 1118 1026 tantum
1129 983 1211 1047 saepe
1222 985 1294 1027 enu-

185 1140 188 1144 ⁴
296 1080 415 1123 merare
429 1083 435 1122 :
453 1060 533 1124 siout
544 1060 577 1122 in
597 1060 655 1124 hoo
668 1059 754 1124 loeo:
774 1060 849 1123 data
859 1066 908 1123 est
921 1059 1002 1124 enim
1014 1059 1079 1140 lex,
1093 1067 1128 1124 ut
1138 1063 1293 1145 pradesti-

295 1158 361 1221 nati
375 1160 416 1222 ad
430 1159 527 1223 vitam
549 1179 605 1242 per
623 1158 737 1244 legales
758 1158 969 1222 observantias
990 1158 1191 1223 salvarentur.
1212 1162 1294 1226 Prae

296 1257 442 1323 destinati
468 1265 573 1322 autem
596 1258 638 1321 ad
660 1264 809 1332 mortem,
832 1278 888 1342 per
911 1257 989 1343 legis
1011 1260 1291 1341 prevaricationem

294 1357 394 1440 magis
408 1359 597 1440 punirentur.
613 1357 677 1421 Sed
690 1357 771 1420 iliius
783 1378 882 1421 oaosae
902 1356 951 1421 hio
966 1364 1087 1421 tautum
1106 1360 1291 1423 mentionem

294 1453 384 1531 facit,
402 1477 458 1540 per
477 1478 570 1542 quam
588 1457 714 1520 Judoeos
733 1477 774 1520 ex
788 1465 915 1540 accepta
925 1457 994 1541 lege
1008 1457 1219 1540 superbientes
1238 1459 1292 1522 hu·

293 1546 413 1620 'miliare
421 1556 529 1639 possit.
555 1591 595 1605 -
609 1555 894 1641 ‚Superabundabit
905 1563 1027 1641 gratim
1037 1555 1048 1642 ]
1058 1557 1154 1635 Quasi
1163 1557 1287 1623 dioeret

298 1654 450 1717 OJudoei!
467 1675 524 1718 vos
542 1653 659 1738 putatis
672 1654 755 1738 quod
769 1653 910 1718 Christus
924 1655 1065 1740 gentibus
1079 1654 1149 1740 plus
1166 1655 1291 1720 dimise-

298 1753 339 1816 rit
352 1774 360 1814 :
375 1754 429 1816 sed
440 1753 618 1837 quibusdam
632 1759 769 1818 vestrum
781 1753 851 1836 plus
864 1754 980 1816 dimisit
992 1802 1000 1828 ‚
1018 1774 1097 1837 quos
1109 1755 1291 1837 pravarica-

296 1859 379 1915 tores
392 1852 468 1936 legis
488 1852 611 1918 invenit.
637 1889 678 1902 -
706 1852 747 1916 Ut
756 1861 841 1916 sicut
852 1850 1080 1938 regnavit.]ld
1094 1860 1158 1927 est,
1171 1873 1290 1936 praeva·
1325 1858 1334 1873 “

295 1950 362 2014 luit.
391 1987 431 2000 -
455 1952 508 2016 Ita
519 1965 550 2016 et
556 1959 668 2040 gratio
676 1964 801 2039 regnet.
815 1951 826 2037 ]
842 1952 880 2015 ld
890 1957 939 2014 est
952 1951 1128 2034 proevaleat.

717 2268 785 2311 cAP.
811 2263 856 2311 Ἦ.

341 2446 407 2531 Qui
419 2454 503 2508 enim
513 2455 628 2510 monor·
638 2457 896 2532 rumuspeecato.
909 2444 1051 2530 ]Soilioet
1062 2497 1068 2523 ,
1081 2446 1112 2509 in
1123 2449 1284 2532 baptismo.

292 2543 334 2607 In
346 2544 473 2608 Christo
484 2547 570 2611 Iesu.
587 2546 625 2609 Id
639 2553 702 2621 est,
716 2546 748 2609 in
762 2545 822 2609 fide
834 2544 947 2609 Christi
960 2546 1046 2609 Jesu.
1071 2583 1111 2596 -
1136 2548 1175 2610 In
1191 2562 1291 2612 morte

294 2643 422 2731 pisina]
446 2645 482 2710 Id
499 2651 562 2722 est,
586 2646 665 2711 siout
684 2646 734 2709 ille
754 2653 892 2708 mortuus
913 2651 962 2708 est
981 2646 1094 2722 semel,
1115 2654 1147 2710 et
1170 2668 1291 2731 semper

293 2743 387 2820 vivit;
403 2745 449 2809 ita
463 2753 496 2809 et
510 2766 566 2808 nos
577 2745 672 2810 semel
683 2752 809 2828 peceato
823 2744 1003 2821 moriamur,
1020 2752 1052 2809 et
1066 2745 1097 2807 in
1110 2745 1290 2811 benefactis

294 2864 415 2928 semper
422 2844 573 2908 vivamus.
601 2881 641 2893 -
669 2843 851 2930 Consepulti
863 2851 958 2906 enim.
973 2841 1186 2929 ]Designati0,
1196 2867 1290 2929 quan-

294 2943 349 3018 do,
362 2952 394 3008 et
407 2965 461 3010 our
476 2944 507 3007 in
530 2953 627 3009 morte
646 2943 759 3010 Christi
778 2945 978 3028 baptizemur.
1001 2980 1045 2990 -
1063 2945 1103 3005 In
1117 2949 1264 3006 novitate.
1278 2943 1290 3027 ]

296 3041 333 3104 Id
354 3051 417 3122 est,
443 3044 564 3109 avitiis
587 3065 792 3128 resurgamus.
819 3080 863 3092 —
885 3042 922 3105 Si
944 3049 1027 3102 enim
1047 3040 1290 3125 commoratu]

195 3195 200 3201 .
296 3139 370 3206 Alia
385 3143 461 3207 ratio
475 3164 529 3208 cur
543 3143 574 3206 in
592 3151 690 3208 morte
705 3144 803 3227 ipsius
815 3141 1005 3224 baptizemur
1020 3162 1026 3200 :
1050 3136 1289 3224 Comploratum,-

295 3240 406 3318 idest,
424 3243 524 3318 affixi,
548 3243 594 3308 vel
615 3245 817 3307 adhaerentes
844 3276 887 3288 -
910 3237 1131 3302 Similitudini.
1147 3237 1158 3324 ]
1172 3238 1209 3302 Id
1219 3245 1286 3315 est,

295 3340 322 3403 si
331 3342 425 3405 semel
438 3351 564 3426 peceato
573 3343 739 3406 morimur:
754 3341 886 3406 similem
895 3339 1148 3404 resurrectionem
1160 3339 1290 3403 habituri

274 3451 410 3505 ‘sumus
433 3479 477 3491 -
496 3442 601 3505 Simul
617 3456 649 3505 et
670 3439 938 3526 resurrectionis]
962 3440 1131 3516 Sobanos,
1146 3439 1288 3504 similitu-

295 3537 357 3602 dini
371 3540 446 3626 ejus.
473 3578 514 3591 —
539 3542 625 3627 Quia
640 3555 735 3605 verm
752 3539 872 3626 homo]
897 3540 934 3605 Id
954 3547 1016 3616 est,
1034 3561 1091 3604 nos
1109 3540 1140 3603 in
1156 3561 1193 3603 eo
1208 3541 1290 3622 quod

294 3659 379 3703 more
389 3642 505 3706 veteris
514 3642 829 3726 hominispeoeamus
856 3678 896 3691 -
924 3640 964 3704 Ut
979 3641 1163 3724 destruatur
1175 3661 1290 3726 corpus

289 3747 428 3822 peceati.
443 3738 455 3826 ]
477 3741 515 3804 Id
533 3748 597 3816 est,
622 3762 733 3825 corpus
747 3749 886 3806 nostrum
901 3741 935 3803 in
953 3761 991 3803 eo
1010 3740 1092 3824 quod
1106 3744 1231 3822 peceat„
1247 3773 1288 3786 -

299 3835 418 3924 Corpus
436 3839 598 3926 peccatu]
621 3841 734 3906 Omnia
753 3849 881 3925 peceata
902 3839 993 3904 simul
1013 3839 1162 3926 appellat,
1178 3860 1292 3923 corpur

290 3947 428 4022 peccori.
458 3975 498 3988 -
523 3939 588 4025 Qui
605 3946 688 4003 enim
704 3955 844 4004 mortuus
860 3953 919 4004 ert.
932 3939 945 4026 ]
959 3940 1052 4004 Ratio
1072 3959 1125 4004 our
1142 3959 1204 4001 non
1224 3957 1291 4000 ser·

294 4038 437 4102 viendum
456 4041 497 4104 sit
516 4048 653 4124 peceato.
679 4042 812 4107 Peccato
831 4041 912 4105 enim
934 4039 1111 4127 justificatio
1130 4036 1222 4121 perit.
1248 4072 1288 4085 -

295 4136 333 4199 Si
353 4151 457 4201 autem
480 4149 597 4205 monui
614 4163 732 4203 sumus.
747 4140 759 4226 ]
776 4141 893 4216 idest,
911 4140 938 4203 si
958 4160 1065 4203 revera
1084 4137 1223 4202 Christus
1237 4157 1288 4199 se·

295 4240 429 4303 cundum
445 4261 566 4305 earnem
585 4247 722 4305 mortuus
736 4248 784 4306 est
800 4265 805 4302 :
823 4262 879 4306 nos
894 4240 1027 4324 peccatis
1045 4237 1184 4319 omnibus
1205 4256 1287 4299 mor·
