3184 5442
349 742 414 805 26⁶2
726 769 755 809 n.
784 769 955 812 mnrnenci

393 903 449 966 22.
479 904 586 967 Utrum
602 907 719 969 altaria
733 930 812 970 auro
827 908 881 970 vel
881 916 1015 994 gemmis
1019 907 1244 993 praeparando
1256 916 1320 970 sint
1328 930 1339 986 ‚'

350 1018 379 1065 et
394 1004 504 1089 quibus
519 1006 621 1068 modic
629 1014 824 1093 propitiatur
840 1009 933 1071 Deus.

393 1106 435 1167 D.
449 1106 528 1170 Sunt
539 1106 648 1170 altaria
658 1129 731 1171 auro
750 1109 799 1172 vel
815 1109 944 1192 gemmis
959 1107 1175 1192 praeparandal
1192 1142 1232 1154 -
1245 1106 1292 1169 M.
1309 1108 1340 1168 ln

350 1204 493 1268 honorem
514 1206 649 1268 divinum
671 1229 731 1270 non
751 1208 860 1272 altaria
880 1229 953 1271 auro
973 1216 1005 1270 et
1027 1206 1158 1292 gemmis
1176 1206 1341 1269 dedicanda

349 1311 435 1376 sunt;
453 1325 521 1386 quae
536 1305 601 1368 sive
615 1306 738 1370 habenti
757 1308 826 1370 ideo
841 1306 993 1392 largiaris,
1018 1307 1091 1389 quia
1110 1305 1297 1389 superiorem
1313 1313 1341 1370 te

349 1402 474 1479 asseris,
491 1404 556 1467 sive
570 1404 691 1470 habenti
705 1429 810 1490 parem
826 1459 832 1479 ‚
848 1408 901 1491 qui
912 1415 1015 1470 utrum
1026 1404 1144 1477 feceris
1162 1405 1342 1468 contumelia

349 1510 397 1565 est
411 1526 417 1573 ;
433 1523 505 1566 nam
519 1506 570 1587 qui
583 1507 719 1570 coelestia
730 1508 836 1591 pretiis
847 1507 972 1582 invitat,
986 1506 1120 1569 offendit.

393 1603 435 1665 D.
448 1604 566 1681 Quibus
573 1607 705 1670 maxime
712 1606 895 1690 propitiatur
901 1606 987 1669 nohis
994 1606 1100 1668 Deusl
1111 1641 1153 1652 -
1161 1605 1209 1667 M.
1220 1605 1338 1668 Verbo:

349 1702 440 1779 Quod
451 1704 549 1768 solum
561 1706 617 1769 sibi
631 1728 699 1769 cum
711 1707 832 1770 homine
843 1714 901 1781 est,
910 1727 966 1769 sua
975 1705 1066 1767 nimis
1080 1703 1279 1767 similitudine
1290 1704 1342 1766 de-

350 1802 488 1867 lectatur.
507 1805 589 1868 Nam
602 1808 726 1869 verbum
735 1808 823 1871 Deus
834 1814 892 1881 est,
911 1806 968 1869 hoc
983 1806 1130 1868 mundum
1146 1797 1276 1877 creavit,
1290 1803 1345 1866 hoc

350 1901 428 1983 regit
443 1909 536 1985 atque
548 1904 649 1966 omnia
663 1903 727 1966 alit.
742 1904 813 1967 Hoc
827 1924 882 1965 nos
896 1922 1087 1973 veneramur,
1106 1901 1162 1963 hoc
1177 1900 1342 1985 diligimus

351 2021 388 2063 ex
405 2002 461 2066 hoc
475 2004 613 2086 spiritum
628 2005 785 2067 trahimus.
805 2003 963 2085 Siquidem
973 2003 1059 2064 Deus
1071 2000 1197 2084 spiritus
1208 2009 1258 2064 est
1272 2029 1278 2063 :
1293 2021 1346 2062 ne-

352 2122 411 2182 que
427 2104 553 2166 terrenis
575 2104 689 2166 divitiis
707 2125 763 2168 nec
782 2104 924 2188 largitate
944 2102 1102 2174 munifica,
1125 2101 1180 2163 sed
1200 2099 1346 2184 religiosis

351 2202 491 2283 operibus
508 2212 540 2265 et
553 2204 718 2287 gratiarum
735 2205 853 2267 actione
872 2201 1049 2286 placandus.

394 2492 450 2558 23.
464 2498 743 2584 Peregrinationes
757 2523 861 2562 sacrae
874 2524 915 2561 an
922 2497 1112 2585 probandae.

393 2597 435 2661 D.
454 2598 584 2662 Prodest
594 2599 843 2684 Hierosolymam
858 2607 973 2710 petere,
989 2608 1042 2660 aut
1053 2598 1113 2660 aha
1127 2597 1194 2660 loca
1205 2617 1294 2660 sacra
1302 2618 1348 2659 1n

290 2721 296 2809 ς
350 2697 523 2760 viserel-
539 2699 586 2763 M.
604 2699 775 2764 Meliust
727 2707 775 2764 est
785 2701 957 2810 pecuniam,
973 2719 1043 2762 cum
1059 2718 1120 2780 qua
1134 2696 1208 2760 ituri
1219 2703 1301 2771 sunt,
1318 2697 1348 2757 in

292 2869 294 2884 Ι
349 2818 500 2882 pauperes
513 2802 694 2884 expendere
714 2800 748 2864 Si
764 2800 816 2884 qui
831 2808 934 2863 autern
952 2819 1055 2862 amore
1074 2796 1189 2861 Christi
1212 2795 1345 2868 accensi,

291 2884 295 2891 ’
350 2899 399 2960 vel
417 2919 539 2963 suorum
559 2908 666 2984 peccat
667 2921 753 2963 orum
774 2897 857 2963 facta
877 2896 1081 2971 confessione,
1109 2903 1141 2959 et
1159 2895 1292 2980 pecunia
1312 2895 1349 2957 de

350 2993 472 3082 propria
486 3001 663 3064 haereditate
676 3001 725 3062 vel
741 2998 862 3082 proprio
874 2999 985 3061 sudore
996 2995 1147 3078 acquisita
1155 2995 1260 3070 ierint,
1274 3002 1305 3058 et
1318 3014 1349 3056 se

350 3098 379 3160 in
396 3099 503 3163 itinere
519 3101 600 3184 apud
612 3098 862 3183 congregationes
873 3100 1057 3162 Sanctorum
1072 3094 1260 3159 orationibus
1271 3115 1350 3158 com·

350 3200 570 3276 mandaverint,
588 3201 627 3262 de
638 3200 728 3262 rebus
741 3199 804 3262 suis
815 3196 890 3280 ipsis
904 3197 954 3260 vel
966 3195 1034 3258 aliis
1044 3193 1230 3278 pauperibus
1241 3194 1351 3276 imper-

351 3297 465 3380 tierint,
481 3299 626 3365 laudandi
641 3308 728 3371 sunt,
750 3298 823 3382 quia
837 3310 869 3360 et
884 3296 1006 3360 Helena
1020 3303 1052 3358 et
1066 3294 1210 3359 Eudoxio
1223 3294 1351 3358 laudan-

350 3405 409 3474 tur,
429 3421 496 3483 qua
511 3401 574 3464 haec
587 3400 733 3464 fecerunt.
748 3399 783 3462 Si
795 3398 846 3481 qui
859 3418 932 3460 vero
944 3402 1069 3480 propter
1080 3394 1291 3459 curiositatem
1302 3396 1351 3458 vel

349 3496 470 3561 laudem
482 3499 643 3562 humanam
660 3500 699 3562 ad
710 3519 798 3563 sacra
813 3498 880 3561 loca
895 3496 1084 3569 discurrunt,
1099 3493 1201 3557 hocin
1212 3492 1352 3556 mercede

349 3596 512 3679 accipiunt,
532 3597 614 3680 quod
626 3619 748 3661 amoena
760 3599 846 3674 loca,
864 3604 919 3659 aut
935 3597 1046 3659 decora
1060 3593 1187 3657 aedificia
1202 3591 1348 3664 viderint.

348 3695 397 3756 vel
412 3695 532 3758 laudem
548 3716 641 3779 quam
655 3704 837 3760 amaverunt
848 3695 1010 3759 audierint.
1024 3693 1058 3758 Si
1070 3693 1123 3776 qui
1136 3699 1244 3766 antem
1256 3712 1351 3774 pecu-

349 3795 400 3857 nia
410 3815 466 3876 per
478 3795 606 3870 lucrum,
623 3802 678 3858 aut
691 3816 745 3878 per
759 3795 907 3869 fraudem,
922 3802 976 3858 aut
992 3814 1048 3877 per
1062 3793 1212 3875 rapinam,
1231 3799 1288 3855 aut
1299 3812 1353 3874 per

349 3892 576 3976 oppressionem
589 3900 770 3976 coacervata
785 3894 994 3976 perrexerint,
1013 3893 1058 3957 ita
1075 3891 1211 3957 De0·vel
1228 3889 1352 3956 Sanctis

349 3999 439 4056 erunt
453 3993 581 4077 accepti,
596 3993 674 4056 sicut
687 3993 714 4056 is
728 3992 780 4076 qui
795 3993 889 4058 filium
905 4014 1007 4057 coram
1024 4002 1112 4076 patre
1123 4013 1178 4055 suo
1193 3991 1349 4065 immolat,

351 4095 435 4156 etsie
447 4093 578 4157 cruentis
590 4092 728 4157 manibus
744 4094 782 4156 ad
799 4094 884 4158 illurn
897 4095 991 4158 venit.
