3184 5442
352 1323 735 1415 ANNOTATIUNOELAE
772 1325 814 1386 IN
850 1325 1091 1394 NONNULLAS
1121 1335 1287 1397 JOANNlS

399 1494 404 1503 ι
481 1454 659 1518 CASSlANl
674 1455 947 1520 COLLATIONES
965 1461 1142 1525 PATRUM.

582 1710 612 1771 l.
639 1731 764 1773 contar.
792 1733 854 1785 vn,
883 1733 952 1774 cnr.
991 1713 1042 1775 13.

354 1908 440 1971 Licet
457 1908 537 1968 enim
552 1906 784 1988 pronunciemus
800 1907 958 1970 nonnullas
975 1929 1042 1971 esse
1060 1911 1232 1992 spirituales
1246 1936 1301 1978 na-

311 2020 404 2084 turae,
421 2018 456 2073 ut
470 2018 541 2071 sunt
555 2008 676 2093 Angeli‚
694 2009 890 2092 Archangeli,
907 2018 981 2082 etc.;
1005 2022 1107 2074 tamen
1120 2012 1302 2097 incorporeae

308 2113 479 2175 nullatenus
500 2109 709 2172 existimandae
728 2118 810 2171 sunt.
834 2110 961 2173 Habent
981 2112 1061 2173 enim
1083 2117 1247 2179 secundum
1268 2140 1302 2181 se

307 2233 416 2296 corpus
440 2232 500 2294 quo
524 2209 707 2280 subsistunt,
733 2209 803 2272 licet
825 2211 920 2273 multo
942 2211 1062 2275 tenuius
1082 2234 1174 2295 quarn
1197 2227 1302 2281 nostra

306 2319 376 2375 sunt
392 2331 528 2393 corpora,
546 2309 710 2371 secundum
727 2309 870 2390 Apostoli
885 2311 1067 2373 sententiam
1083 2312 1127 2375 ita
1142 2314 1271 2380 dicentis
1290 2341 1297 2379 ε

304 2414 346 2475 Et
361 2431 486 2493 corpora
497 2409 642 2481 coelestia,
656 2415 687 2471 et
701 2429 829 2491 corpora
841 2411 1005 2473 terrestria.

391 2513 589 2575 Annonarro.
605 2545 648 2556 -
659 2509 772 2590 Angeli
781 2510 944 2593 caeterique
953 2511 1089 2593 spiritus
1103 2514 1181 2577 sicut
1192 2517 1299 2580 beatus

393 2610 583 2696 Augustinus
601 2609 690 2680 dicit,
708 2610 748 2671 ad
764 2610 1021 2691 comparationem
1036 2611 1116 2673 illius
1130 2615 1298 2694 purissima

389 2709 642 2793 incorporalitatis
660 2728 728 2790 quae
747 2709 834 2771 Deus
854 2718 916 2781 est,
939 2712 1074 2790 corporei
1093 2722 1181 2784 sunt,
1204 2715 1294 2776 iidem

390 2820 491 2872 tamen
507 2806 674 2890 comparati
686 2806 871 2889 corporibus.
890 2827 956 2888 quae
968 2828 1023 2870 nos
1034 2829 1149 2887 sumus,
1167 2832 1295 2894 quaeque

390 2910 539 2983 videmus,
554 2906 721 2990 incorporei
733 2915 815 2968 sunt.

593 3108 626 3169 2.
653 3128 775 3170 comer.
800 3128 838 3184 x,
864 3127 933 3168 cnr.
959 3106 992 3167 2.

340 3281 416 3343 Post
431 3281 496 3343 dies
511 3280 675 3343 admodum
690 3300 803 3362 paucos
817 3300 926 3363 quam,
942 3288 1016 3354 etc..
1035 3279 1196 3365 Theophili
1208 3306 1286 3367 prro-

295 3383 383 3444 dictae
393 3382 475 3444 urbis
491 3379 637 3463 Episcopi
647 3381 786 3442 solennes
798 3377 933 3461 epistolae
945 3389 1162 3459 commearunt,
1179 3384 1288 3466 quibos

293 3503 361 3544 cum
371 3482 597 3544 denuntiatione
606 3480 747 3544 Paschali
758 3487 864 3544 contra
875 3479 1008 3562 ineptam
1020 3502 1140 3565 quoque
1152 3485 1286 3548 Anthro

292 3581 552 3665 pomorphitarum
563 3579 700 3643 haeresim
713 3580 805 3664 longa
817 3579 1021 3663 disputatione
1034 3581 1184 3645 disseruit.

379 3682 576 3745 Annornmo.
592 3716 631 3727 -
642 3679 965 3762 Anthropomorphitae
977 3680 1061 3754 dicti,
1080 3703 1135 3765 pro
1151 3706 1187 3747 eo
1200 3687 1281 3767 quod

379 3780 572 3864 simplicitate
579 3781 691 3845 rustica
696 3780 798 3844 Deum
808 3780 918 3843 hahere
928 3781 1060 3845 humana
1070 3785 1206 3846 membra
1217 3807 1285 3868 quae

377 3881 407 3943 in
421 3881 542 3944 Divinis
554 3881 637 3944 libris
651 3881 765 3965 scripta
779 3889 865 3955 sunt,
884 3880 1080 3945 arbitrantur.
1100 3882 1284 3970 Anthropos

376 3982 456 4045 enim
474 4001 571 4065 graece
590 4033 596 4055 ,
623 3981 715 4045 latine
733 3981 824 4044 homo
850 3981 1088 4064 interpretatur,
1110 3983 1284 4067 ignorantes

374 4105 480 4147 vocem
491 4082 626 4153 Domini,
635 4083 688 4164 qui
697 4082 751 4156 ait,
764 4082 897 4165 Spiritus
907 4092 954 4145 est
964 4083 1051 4145 Deus
1066 4106 1072 4143 :
1089 4083 1283 4166 incorporeus

374 4192 421 4246 est
432 4183 524 4256 enim,
539 4202 594 4244 nec
606 4181 749 4244 membris
758 4180 965 4262 distinguitur,
985 4202 1040 4257 pec
1053 4182 1187 4264 corporis
1201 4183 1280 4244 mole

373 4291 522 4348 censetur.
