3184 5442
503 695 618 736 nuossra
642 696 674 736 ru
698 694 747 737 Er.
774 696 815 736 nn
838 695 927 736 uuae.
1148 679 1210 741 139

218 838 271 900 det
287 855 373 918 spem
392 853 446 917 per
462 853 556 916 quam
570 832 779 914 proximamus
794 831 836 895 ad
846 831 968 907 Deum,
985 832 1095 907 idest,
1114 835 1210 900 vitam

217 944 379 1008 aeternam,
409 933 440 996 in
461 952 523 1015 qua
544 930 714 997 videbimus
733 932 836 995 Deum
855 929 933 995 facie
951 931 992 994 ad
1012 930 1134 997 faeiem.
1151 935 1209 1000 Vel

216 1053 344 1119 sponsor
359 1039 408 1097 est
427 1031 511 1098 Novi
527 1031 716 1096 Testamenti
735 1031 901 1095 seeundum
915 1029 1121 1109 divinitatem,
1139 1035 1212 1118 quia

218 1135 319 1199 omnia
343 1155 412 1217 quae
431 1133 525 1198 Pater
549 1130 640 1207 faoit,
668 1139 700 1196 et
718 1131 784 1214 ipse
802 1130 886 1195 facit.
912 1167 957 1180 -
978 1130 1041 1222 Per
1062 1143 1210 1220 semetip-

217 1234 318 1322 sum]
334 1235 404 1318 Ipse
419 1233 562 1299 Salvator
581 1232 614 1295 in
632 1231 801 1315 Evangelio
822 1231 910 1296 dicit:
934 1229 1035 1294 Nemo
1054 1240 1147 1296 venit
1168 1234 1214 1296 od

212 1346 357 1420 patrem,-
370 1340 436 1395 nisi
442 1354 506 1418 per
516 1354 575 1395 rne.
590 1334 633 1396 Et
648 1331 737 1395 alias:
758 1333 830 1416 Ego
848 1354 917 1393 snm
935 1339 1049 1395 ostium
1060 1355 1071 1410 ,·
1080 1356 1145 1419 per
1162 1356 1213 1395 me

218 1443 248 1497 si
265 1441 336 1521 quis
360 1439 532 1511 introierit,
546 1430 732 1495 salvabitur.
760 1469 800 1480 -
824 1431 894 1493 Lex
916 1439 1010 1494 enim.
1024 1432 1036 1517 ]
1050 1433 1144 1496 Ratio
1158 1453 1212 1497 our

218 1532 391 1596 sacerdotes
405 1532 618 1596 necessitatem
630 1532 763 1595 habeant
780 1531 914 1615 qnotidie
935 1553 990 1615 pro
1010 1534 1074 1596 suis
1093 1532 1212 1596 delictis

218 1630 404 1695 sacrificandi
417 1653 426 1708 ;
443 1630 585 1696 Christus
599 1639 703 1696 autem
714 1652 787 1694 non.

630 1952 700 1992 CAP.
726 1952 796 1993 VIII.

195 2178 199 2185 .
266 2121 445 2209 Capitulum
454 2138 569 2187 autem.
588 2124 791 2210 ]Capitulum
813 2133 861 2190 est
878 2123 980 2188 brevis
999 2125 1150 2188 sententia
1174 2127 1214 2189 ab

219 2243 255 2285 eo
266 2223 310 2287 sia
320 2223 521 2299 nominatum,
539 2226 622 2308 quod
631 2224 765 2288 breviter
777 2225 880 2308 capiat
894 2225 989 2288 totius
997 2224 1123 2288 rationis
1132 2245 1214 2289 sum·

218 2343 312 2386 mam.
328 2324 401 2387 Hoo
419 2331 523 2398 autem
539 2324 705 2408 capitulum
724 2323 831 2409 incipit
848 2326 888 2388 ab
899 2346 936 2388 eo
950 2325 1031 2408 quod
1048 2324 1185 2408 sequitur
1203 2349 1210 2387 ε

223 2420 330 2485 Talem
348 2408 508 2486 habentus.¹
533 2425 576 2488 Et
599 2423 710 2488 desinit
729 2424 930 2488 ubidicitur:
950 2423 1024 2486 Non
1041 2423 1145 2488 horno.
1172 2461 1212 2474 -

220 2521 383 2610 Pontifex.
403 2521 414 2609 ]
437 2524 491 2588 Ad
509 2524 696 2608 superiorem
720 2525 905 2589 sententiam
924 2525 1029 2589 redit:
1054 2524 1113 2588 liae
1128 2533 1212 2588 enim

217 2620 297 2700 feeit
309 2622 408 2685 semel
418 2622 599 2712 ffferencto.
620 2624 715 2702 Quasi
730 2625 855 2700 diceret,
874 2624 1001 2688 rationis
1011 2623 1070 2689 fuit
1083 2626 1166 2708 quod
1178 2645 1212 2688 se

218 2721 344 2798 obtulit,
367 2731 470 2786 omnis
490 2722 647 2810 Pontifex
667 2724 713 2786 ad
735 2723 917 2813 offerendo,
937 2737 996 2788 eto.
1022 2760 1067 2772 -
1089 2724 1128 2787 Si
1138 2746 1214 2810 ergo

218 2833 448 2907 superterram
466 2837 559 2887 esset.
577 2823 589 2910 ]
604 2824 699 2888 Ratio
717 2845 770 2889 eur
785 2824 926 2889 Christus
945 2823 1079 2907 seipsum
1095 2822 1213 2885 obtule-

218 2920 259 2985 rit
276 2944 283 2984 :
300 2921 337 3000 si,
350 2922 459 3007 inquit,
478 2931 560 2988 esset
571 2944 663 3008 super
681 2931 795 2989 terram
809 2925 892 3007 qnod
903 2944 959 3007 pro
972 2921 1107 3008 peoeads
1120 2922 1215 2985 totius

219 3021 324 3085 mundi
336 3022 428 3108 digne
441 3030 547 3108 posset
569 3023 682 3100 offerri,
698 3045 759 3087 non
783 3031 866 3088 esset
879 3023 1023 3087 sacerdos
1042 3019 1152 3084 offerre
1166 3020 1213 3082 di·

219 3127 336 3204 gnuset
346 3122 416 3186 ideo
427 3125 559 3188 muudus
571 3123 767 3188 beneobtulit
777 3123 904 3186 mundo.
931 3157 971 3170 -
999 3119 1215 3213 coelestrum]

218 3219 363 3286 Goelestia
375 3231 464 3288 vooat
479 3231 658 3308 praesentem
668 3221 782 3288 Christi
789 3223 973 3296 Ecclesiam,
988 3222 1074 3307 cujus
1083 3239 1155 3302 pars
1168 3228 1216 3283 est

218 3320 248 3381 in
263 3321 363 3394 ooelis;
380 3342 453 3405 pars
472 3329 611 3387 secutura
630 3322 731 3387 adhue
749 3321 959 3406 peregrinatur
972 3319 1111 3386 interris.
1124 3320 1216 3383 Hane

217 3419 389 3503 figurabant
408 3441 606 3505 quacumque
620 3422 653 3485 in
670 3422 869 3486 sacramentis
886 3420 1010 3485 Veteris
1026 3419 1216 3485 Testamenti

218 3519 343 3584 fiebant.
363 3520 451 3586 Siout
466 3522 542 3586 alias
561 3544 568 3584 ε
586 3522 666 3584 Haee
684 3531 791 3585 omnio
806 3530 840 3585 in
854 3522 972 3609 figura
993 3517 1217 3606 contingebant

219 3616 293 3680 illa.
322 3656 362 3668 -
386 3620 574 3707 Exenrplnr.
588 3621 779 3707 ]Exemplar
792 3629 931 3696 vooatut',
949 3628 981 3685 et
989 3620 1064 3684 illud
1075 3620 1158 3703 quod
1166 3620 1213 3693 fit,

219 3723 250 3781 et
265 3717 339 3781 illud
355 3720 395 3782 ad
416 3721 502 3806 eujus
524 3719 753 3784 similitudinem
775 3720 893 3804 aliquid
910 3721 957 3795 fit,
982 3719 1061 3783 siout
1084 3718 1212 3802 speeies,

218 3815 335 3902 imago,
362 3819 479 3904 figura,
501 3819 680 3884 similitudo.
707 3856 751 3868 —
774 3818 960 3905 Meliora]
987 3817 1100 3883 Melius
1117 3824 1215 3882 testa·

218 3923 352 3981 mentum
367 3927 459 3984 vooat
468 3927 621 4003 praecepta
634 3921 823 4005 evangeliea,
838 3939 893 4004 per
904 3938 1033 4003 quorum
1049 3918 1216 3981 observan-

218 4014 293 4078 tium
309 4017 497 4098 promittitur
507 4018 721 4105 verajustitia‚
739 4026 771 4082 et
784 4019 851 4084 vita
861 4025 993 4083 aetema:
1010 4016 1068 4081 hoo
1077 4022 1125 4080 est
1136 4015 1217 4080 enim

218 4115 300 4196 quod
320 4117 474 4201 sequitur:
497 4117 593 4203 Quod
604 4122 637 4181 in
651 4118 845 4198 melioribus,
866 4132 927 4182 etc.
952 4152 996 4167 ·-
1024 4116 1217 4201 Vitupernns

218 4221 310 4276 enim.
329 4214 340 4300 ]
356 4217 470 4282 Probat
479 4217 657 4301 prophetica
672 4218 853 4282 auctoritate
866 4217 939 4302 quia
949 4215 1052 4281 saeeuli
1065 4215 1150 4279 loeus
1167 4215 1215 4276 in-
