3184 5442
370 737 434 800 150
753 756 780 795 o.
807 755 981 796 Lanrnancr

369 920 462 982 quum
474 897 598 980 spiritus
608 896 733 960 Domini
743 896 794 960 ubi
807 897 872 959 vult
884 896 995 980 spiret,
1012 901 1044 958 et
1053 915 1145 978 qoem
1154 896 1222 959 vult
1233 894 1367 978 aspiret,

368 1008 400 1064 et
412 999 538 1063 Domini
549 998 590 1062 sit
601 1006 700 1073 terra,
719 1004 751 1061 et
765 997 899 1061 universi
914 996 965 1080 qni
978 996 1119 1060 habitant
1129 996 1160 1058 in
1173 1019 1223 1072 ea,
1239 1004 1271 1059 et
1282 996 1372 1060 Prin-

369 1119 441 1183 ceps
457 1098 676 1182 Apostolorum
694 1097 798 1161 dicat:
818 1128 831 1151 ιι
853 1097 890 1161 In
912 1096 1043 1160 veritate
1067 1096 1200 1180 comperi
1225 1095 1371 1179 quoniam

369 1221 428 1262 non
445 1208 494 1263 est
511 1219 708 1282 personarum
724 1205 866 1280 acceptor
876 1199 978 1270 DeuS,
997 1198 1051 1259 sed
1067 1197 1193 1260 inomni
1208 1203 1301 1281 gente
1317 1195 1371 1279 qui

369 1299 459 1363 timet
476 1320 563 1373 eum,
585 1305 616 1362 et
634 1306 777 1381 operatur
789 1298 941 1384 justitiam
961 1304 1105 1380 acceptus
1122 1306 1170 1361 est
1187 1297 1241 1360 illi:
1261 1328 1273 1350 ι
1290 1297 1372 1360 ltem

371 1400 476 1464 doctor
499 1399 646 1463 Gentium
668 1399 708 1461 ad
727 1398 882 1462 Galatas:
911 1428 923 1449 ιι
947 1399 1034 1461 Deus
1057 1419 1219 1480 personam
1241 1397 1373 1459 hominis

370 1522 430 1563 non
442 1499 561 1583 accipit.
576 1532 588 1551 ιι
601 1500 698 1577 Quem
712 1499 783 1560 dum
797 1506 903 1562 contra
914 1497 1094 1561 catholicam
1105 1498 1267 1561 veritatem
1279 1497 1373 1580 scrip·

371 1600 447 1664 sisse
465 1600 592 1674 asseris,
605 1621 666 1663 non
679 1599 777 1682 ipsum
797 1598 894 1661 solum
905 1597 960 1660 sed
976 1604 1008 1661 et
1018 1597 1175 1660 Romanos
1189 1597 1369 1676 Pontifices,

371 1701 543 1763 Romanam
554 1699 740 1772 Ecclesiam,
756 1699 930 1781 multosque
942 1705 1065 1760 sanctos
1076 1698 1185 1762 Patres
1196 1697 1368 1782 redarguis

372 1800 561 1883 incurrisque
576 1800 605 1862 in
618 1799 692 1862 illud
706 1799 788 1882 quod
802 1797 884 1862 beati
896 1798 1051 1870 doctores,
1069 1797 1096 1860 si
1109 1819 1169 1860 non
1181 1797 1296 1860 eisdem
1307 1819 1374 1861 ver-

373 1901 435 1975 bis,
464 1900 579 1964 eisdem
602 1907 706 1964 tamen
731 1897 892 1962 sententiis
912 1896 1016 1960 multis
1036 1897 1067 1960 in
1088 1898 1163 1962 locis
1184 1899 1375 1962 concorditer

372 2007 584 2077 astruxerunt,
614 2000 789 2064 haereticum
816 2020 883 2062 esse
909 2019 1031 2061 omnem
1054 1997 1224 2072 hominem,
1256 1999 1329 2082 quia
1354 2021 1374 2062 a

374 2103 529 2177 Romana,
549 2109 581 2164 et
593 2099 757 2164 universali
770 2099 908 2162 Ecclesia
922 2098 953 2160 in
968 2098 1037 2160 fidei
1054 2096 1191 2161 doctrina
1206 2098 1371 2163 discordat.

374 2201 548 2284 Evenitque
563 2200 619 2264 tibi
630 2201 712 2286 justo
727 2199 788 2262 Dei
800 2199 931 2284 judicio,
949 2206 984 2260 ut
1003 2197 1054 2280 qui
1072 2196 1147 2260 alios
1168 2218 1234 2261 esse
1249 2199 1374 2264 haereti·

375 2322 426 2364 cos
440 2308 577 2364 astruere
588 2299 717 2374 conaris,
733 2298 833 2380 tuipse
848 2298 878 2360 in
894 2297 1033 2361 haeresim
1048 2298 1208 2360 devolutus
1226 2320 1293 2362 esse
1309 2301 1374 2364 hae·

375 2398 486 2462 reticus
498 2397 695 2462 convincaris.

346 2526 354 2601 p
420 2495 564 2558 Basaro.
595 2523 607 2544 ιι
637 2492 876 2556 Anathematizo
901 2514 1022 2556 omnem
1045 2494 1199 2567 haeresim,
1224 2493 1376 2577 praecipue

376 2615 444 2656 eam
461 2614 529 2675 quae
546 2601 683 2656 astruere
696 2600 823 2657 conatur
837 2613 967 2675 panem,
987 2600 1019 2655 et
1033 2595 1139 2656 vinum
1155 2616 1222 2678 quae
1239 2594 1271 2657 in
1286 2593 1377 2658 altari

376 2700 544 2776 ponuntur,
575 2701 647 2776 post
679 2692 936 2756 consecrationem
967 2693 1156 2756 solummodo
1184 2702 1378 2758 sacramenta

377 2814 460 2864 esse,
476 2799 578 2857 etnon
588 2815 696 2857 verum
711 2813 821 2875 corpus
833 2792 947 2857 Christi
963 2801 995 2856 et
1009 2794 1199 2878 sanguinem.
1216 2825 1228 2847 ιι

421 2894 541 2957 Laura
560 2893 747 2978 Principium
765 2893 855 2980 hujus
874 2892 919 2955 tui
933 2892 1130 2979 jurisjurandi
1146 2903 1324 2979 propterea,
1342 2902 1378 2957 ut

379 2995 495 3079 opinor,
524 2994 574 3058 hic
599 3016 659 3058 non
685 2995 837 3059 inseruisti
856 3018 863 3069 ;
881 3005 916 3058 ut
930 2995 1058 3058 lectores
1078 2995 1123 3058 tui
1145 3002 1289 3079 putarent
1312 2995 1377 3059 haec

378 3097 472 3160 verba
488 3117 549 3159 non
573 3117 639 3160 esse
661 3104 729 3171 tua,
756 3096 811 3160 sed
830 3094 1012 3160 venerabilis
1032 3097 1196 3160 Humberti
1216 3096 1374 3180 Episcopi.

379 3197 446 3261 Nec
456 3197 488 3260 id
499 3197 618 3283 injuria.
634 3197 718 3260 Nam
733 3197 804 3281 quia
815 3196 957 3260 haeretica
966 3217 1033 3259 esse
1044 3197 1239 3280 pertinaciter
1247 3199 1378 3280 probare

379 3297 537 3362 contendis
552 3320 559 3358 ε
575 3296 600 3360 si
616 3296 777 3361 manifeste
789 3304 844 3359 tua
856 3296 986 3367 diceres,
1004 3293 1164 3360 manifeste
1175 3297 1306 3380 teipsum
1318 3297 1377 3360 har

380 3396 506 3461 reticum
521 3397 745 3478 comprobares.
763 3396 827 3460 Sed
845 3418 884 3460 ne
901 3395 969 3480 quis
981 3397 1100 3460 nescius
1113 3397 1246 3461 Romani
1259 3397 1378 3462 concilii

378 3494 571 3558 indiscretam
591 3495 629 3556 de
644 3495 766 3578 negotio
785 3495 865 3560 ferat
885 3497 1068 3561 sententiam
1084 3520 1091 3560 :
1109 3497 1290 3581 principium
1312 3499 1378 3584 ejus

379 3593 512 3656 medium
529 3601 623 3676 atque
638 3595 730 3657 finem
747 3595 835 3657 simul
851 3594 900 3659 hic
915 3617 1078 3680 apponam.

351 3700 378 3757 Γ
422 3691 654 3757 Sacramentum
671 3693 711 3756 B.
739 3723 751 3745 ιι
773 3696 840 3777 Ego
852 3695 1056 3779 Berengam'us
1071 3696 1214 3782 indignus
1223 3696 1379 3762 Diaconos

378 3792 522 3858 Ecclesiae
537 3794 635 3857 sancti
649 3793 790 3858 Mauricii
804 3795 1049 3881 Andegavensis‚
1063 3818 1249 3884 cognoscens
1257 3819 1374 3870 veram,

379 3891 574 3969 catholicam,
598 3899 630 3956 et
651 3893 849 3976 apostolicam
877 3894 984 3969 fidem,
1011 3896 1234 3962 anathematizo
1253 3919 1378 3963 omnem

379 3990 529 4069 haeresim,
548 3993 699 4076 praecipue
715 4014 796 4062 eam,
816 3995 854 4056 de
870 4015 932 4077 qua
946 3994 1092 4059 hactenus
1109 3995 1274 4062 infamatus
1289 4019 1376 4075 sum,

380 4113 448 4174 quae
459 4100 595 4155 astruere
607 4100 732 4155 conatur
741 4113 852 4174 panem
863 4102 895 4157 et
905 4094 1026 4168 vinum,
1043 4095 1154 4178 quaein
1166 4098 1255 4162 altari
1263 4120 1379 4181 ponun-

379 4197 441 4266 tur,
458 4198 529 4275 post
541 4192 796 4257 consecrationem
808 4193 998 4281 solummodo
1012 4205 1253 4273 sacramentum,
1271 4207 1304 4262 et
1313 4220 1375 4262 non

379 4313 485 4356 verum
499 4314 607 4376 corpus
618 4301 648 4356 et
661 4295 837 4380 sanguinem
848 4296 973 4360 Domini
986 4297 1080 4361 nostri
1090 4299 1167 4362 Jesu
1175 4296 1288 4365 Christi
1297 4318 1375 4373 esse,
