3184 5442
419 720 461 782 38
800 735 829 773 n.
857 731 1030 773 rauranum

418 900 573 984 euertat]
588 900 623 962 ld
633 907 691 973 est,
706 899 745 960 ad
756 898 876 960 laudem
889 896 935 958 sui
947 895 1081 969 Domini,
1099 902 1131 959 et
1140 896 1307 979 perfectam
1319 903 1411 965 fidem

418 1003 521 1075 habet,
540 1008 572 1062 et
587 999 617 1060 in
630 999 688 1061 fide
699 998 883 1061 infirmatur:
901 996 982 1058 bona
994 995 1075 1058 enim
1089 995 1257 1061 intentione
1266 1000 1324 1079 hoc
1332 1003 1408 1086 agit.

421 1139 460 1150 -
489 1100 618 1162 Iudicat
639 1096 749 1183 diem]
765 1098 836 1160 Hoc
855 1105 921 1169 est;
950 1095 1082 1172 Quidam
1101 1095 1192 1160 certis
1202 1097 1324 1164 diebus:
1342 1103 1410 1184 qui-

419 1203 490 1264 dam
520 1200 601 1262 omni
635 1198 683 1260 die
708 1206 819 1281 putant
849 1195 1070 1259 abstinendum.
1100 1232 1140 1243 -
1168 1195 1411 1288 Unmqntrqne]

420 1301 515 1377 Quasi
531 1299 662 1372 diceret,
676 1297 727 1382 qui
741 1305 831 1381 putat
840 1295 980 1359 omnibus
993 1294 1153 1370 utendum,
1167 1317 1234 1359 cmn
1244 1298 1411 1381 gratiarum

420 1401 538 1464 actione
552 1407 667 1462 utatur.
694 1401 737 1462 Et
759 1398 812 1480 qui
826 1403 916 1480 putat
930 1395 1153 1470 abstinendum,
1171 1405 1295 1479 propter
1309 1399 1412 1463 Deum

421 1500 580 1563 abstineat.
608 1534 652 1546 —
679 1498 743 1582 Qui
760 1494 875 1582 sepit]
891 1496 927 1559 Id
942 1503 1004 1568 est,
1023 1493 1165 1579 intelligit
1184 1496 1413 1564 inabstinentia

422 1601 643 1664 observandum
655 1599 745 1661 diem.
775 1633 815 1645 -
843 1594 960 1657 Omnes
975 1593 1248 1682 cohaerebimus]
1260 1597 1310 1660 Ne
1324 1619 1411 1680 sper-

421 1721 489 1774 nas,
508 1701 561 1763 sed
577 1700 615 1762 de
628 1707 660 1762 te
671 1699 713 1761 sis
732 1698 893 1768 sollicitus;
916 1695 1123 1778 unusquisque
1137 1696 1218 1758 enim
1235 1717 1291 1780 pro
1305 1717 1339 1760 se
1359 1711 1421 1762 ra-'

425 1800 540 1864 tionem
557 1801 678 1873 reddet,
692 1799 764 1882 quia
775 1818 881 1861 omnes
901 1795 1049 1860 stabimus
1060 1806 1131 1858 ante
1141 1796 1272 1860 tribunal
1283 1796 1409 1862 Christi.

424 1936 467 1948 -
493 1899 540 1964 Ne
543 1907 676 1987 ponatis
688 1895 946 1986 ‹fferrdiculunal
960 1897 1009 1959 Ne
1023 1916 1119 1979 ponas
1135 1895 1343 1961 offendiculum
1354 1896 1414 1962 fra·

423 2002 461 2064 tri
476 2025 483 2075 ;
500 2002 601 2072 idest,
620 2022 658 2063 ne
672 2000 848 2071 contristes;
865 2019 937 2061 nam
958 1997 984 2059 si
1006 1996 1179 2072 contristas,
1201 2017 1261 2059 non
1276 1997 1415 2062 ambulas

422 2102 588 2164 secundum
610 2100 799 2163 charitatem.
830 2134 869 2144 —
895 2097 969 2158 Seio
989 2109 1019 2158 et
1037 2095 1202 2181 conficta]
1223 2097 1415 2161 Sententiam

423 2198 482 2262 fert
496 2200 574 2262 inter
592 2200 669 2261 duos
690 2196 860 2280 superiores
874 2197 997 2259 dicens:
1024 2196 1149 2260 Nullam
1170 2203 1339 2260 creaturam
1359 2218 1415 2281 per

424 2297 579 2362 Christum
591 2296 703 2360 factam
715 2317 992 2370 essecommunem,
1004 2296 1036 2358 id
1044 2304 1102 2371 est,
1112 2296 1312 2360 immundam.
1325 2295 1416 2361 Com

424 2416 515 2458 mune
527 2395 606 2458 enim
616 2395 805 2458 immundum
813 2397 964 2458 vocabant
974 2394 1085 2458 Judaei.
1113 2431 1152 2442 —
1180 2394 1231 2456 Illi
1240 2418 1411 2460 commune.

425 2493 522 2572 Quasi
531 2493 644 2557 diceret
659 2518 665 2557 :
680 2495 803 2557 Revera
822 2494 896 2557 nihil
909 2502 957 2557 est
969 2494 1157 2557 immundum
1169 2518 1177 2569 ;
1193 2494 1248 2558 sed
1259 2493 1312 2579 qui
1326 2503 1416 2579 putat

426 2594 540 2676 aliquid
560 2615 627 2657 esse
640 2594 843 2669 immundum,
860 2594 891 2657 in
903 2594 969 2658 sola
980 2595 1045 2680 ejus
1059 2594 1200 2678 opinione
1223 2602 1271 2680 est
1283 2595 1421 2659 immun-e

425 2694 508 2757 dum.
532 2730 575 2741 -
599 2694 636 2755 St
648 2701 870 2780 enimpropter
880 2693 992 2756 cibum.
1005 2691 1017 2778 l
1028 2693 1101 2757 Non
1110 2693 1286 2769 contristem
1300 2694 1416 2759 sienim

427 2794 588 2858 contristas
599 2802 724 2877 propter
735 2793 851 2869 cibum,
868 2793 971 2877 perdis
990 2794 1056 2858 cibo
1072 2801 1125 2857 tuo
1138 2794 1240 2857 illum:
1265 2796 1320 2858 sed
1343 2817 1415 2878 per·

429 2895 501 2957 dere
513 2915 574 2957 non
594 2895 703 2968 debes
726 2914 798 2957 nam
814 2893 955 2958 Christus
978 2915 1033 2977 pro
1053 2915 1089 2957 eo
1109 2901 1246 2959 mortuus
1261 2901 1324 2959 est:
1342 2915 1417 2981 ergo

426 3015 486 3056 non
497 2994 672 3068 contristes;
688 2995 769 3079 quod
783 3002 831 3059 est
842 3015 901 3057 non
911 3014 984 3078 ergo
995 2994 1219 3078 blasphemetur
1228 2996 1340 3059 bonum
1349 3016 1418 3060 nos-

425 3105 517 3158 trum.
532 3095 575 3160 Et
590 3096 676 3179 ponit
690 3095 772 3180 quod
791 3103 840 3160 est
865 3115 1053 3179 consequens
1072 3095 1269 3171 contristare,
1287 3094 1359 3179 quia
1378 3117 1418 3160 ex

426 3195 606 3260 contristare
632 3196 826 3278 consequitur
850 3197 931 3279 quod
950 3196 1179 3279 blasphematur
1191 3193 1413 3260 Christianitas.

429 3328 469 3339 —
494 3295 635 3379 Regnum
651 3296 710 3357 Det
721 3318 805 3358 esca.
820 3296 831 3381 ]
846 3299 937 3379 Esca,
955 3296 1004 3359 vel
1016 3302 1107 3378 potus
1127 3296 1192 3359 sive
1206 3302 1345 3379 sumptus
1358 3315 1418 3357 non

426 3389 499 3453 facit
513 3391 667 3454 hominem
676 3394 787 3456 habere
798 3415 925 3476 regnum
936 3394 994 3457 Dei
1007 3417 1015 3465 ;
1033 3395 1088 3456 sed
1100 3394 1234 3477 justitia,
1253 3402 1285 3457 et
1296 3400 1415 3458 caetera.

361 3485 363 3489 ’
430 3523 470 3535 -
495 3489 560 3550 Per
573 3488 925 3575 offendiculum.]Hoc
937 3501 1000 3566 est,
1026 3492 1145 3573 quisue
1160 3493 1344 3555 comestione
1359 3514 1420 3556 non

428 3586 660 3650 manducantem
673 3588 868 3653 scandalizat.
897 3625 936 3636 —
961 3589 1035 3650 Non
1050 3589 1252 3650 manducare.
1263 3586 1275 3671 ]
1288 3589 1359 3654 Hoc
1372 3604 1422 3657 est

428 3685 509 3768 quod
524 3685 608 3760 dicit,
625 3687 651 3750 si
669 3679 942 3771 impraesentiarum
961 3687 1003 3751 sit
1019 3688 1071 3750 ille
1086 3687 1139 3770 qui
1153 3685 1301 3760 abstinet,
1330 3697 1362 3754 et
1376 3691 1422 3756 ita

425 3785 561 3848 infirmos
575 3785 633 3858 sit;
649 3794 684 3851 ut
698 3785 851 3870 patienter
863 3807 923 3850 non
938 3786 1036 3871 possit
1050 3806 1172 3850 cernere
1182 3793 1320 3850 utentem
1332 3809 1420 3855 crea-

425 3883 503 3946 turis
515 3884 586 3960 Dei,
596 3905 666 3948 eum
682 3887 734 3970 qui
746 3886 838 3950 fidem
854 3886 945 3950 babet
959 3887 1098 3950 omnibus
1112 3885 1234 3960 utendi;
1253 3887 1363 3952 melius
1374 3898 1422 3954 est

428 3983 518 4045 fidem
529 3984 654 4049 habenti
674 3989 712 4049 ab
725 3986 769 4050 eis
781 3985 948 4062 abstinere,
967 4007 1059 4070 quam
1072 3986 1236 4051 abstinenti
1248 3988 1419 4051 molestiam

430 4104 485 4172 sua
502 4085 696 4168 perceptione
714 4088 864 4172 ingerere.
894 4123 933 4134 —
963 4087 1026 4171 Qui
1042 4085 1321 4172 remanducat]
1345 4087 1418 4150 Non

430 4182 593 4277 manduces
607 4205 709 4249 coram
723 4185 885 4256 fratribus.
906 4187 978 4269 quia
1001 4187 1027 4250 si
1048 4209 1108 4250 non
1123 4187 1299 4261 manducas
1313 4187 1422 4250 beatus

433 4304 476 4346 es.
495 4284 537 4347 Et
552 4283 608 4348 hoc
620 4287 748 4367 probat;
768 4306 839 4348 nam
851 4287 950 4350 ormris
964 4295 1010 4350 est
1031 4288 1149 4362 beatus,
1173 4285 1225 4370 qui
1236 4306 1295 4347 non
1306 4287 1422 4371 judicat
