3184 5442
483 707 601 750 crassa
625 708 657 749 nc
682 708 728 749 nr.
753 709 793 750 nn
818 709 892 750 aon.
952 766 956 773 Ι
1145 692 1188 752 33

192 877 263 956 post
273 869 526 935 resurrectionem
534 890 621 933 suam
633 869 806 932 ascendisse
821 870 853 931 in
868 870 978 933 ciclum
992 840 1078 934 :noli
1095 872 1195 937 dicere

192 973 224 1035 in
235 972 325 1036 corde
339 978 395 1036 tuo
406 970 598 1035 mendacium
608 978 655 1033 est
670 994 676 1031 :
695 970 763 1056 quis
775 970 856 1033 enim
867 971 1006 1035 ascendit
1017 971 1048 1034 in
1063 972 1191 1037 coelumt

192 1074 270 1137 Haec
283 1071 364 1137 enim
384 1078 438 1135 tua
455 1070 630 1146 infidelitas,
650 1079 800 1153 quantum
815 1072 846 1133 in
862 1079 894 1134 te
909 1077 967 1149 ast,
984 1071 1141 1142 Christum
1155 1074 1195 1137 de

192 1173 444 1238 coeloadterram
458 1170 590 1235 deducit.
617 1206 657 1218 -
681 1172 829 1257 Aatqutc
841 1170 1033 1257 descendo]
1046 1173 1195 1237 Similiter
1283 1221 1287 1225 .
1350 1149 1354 1156 ’

192 1292 262 1337 cum
281 1271 415 1336 audieris
428 1270 585 1354 praedicari
607 1270 800 1334 descendisse
819 1292 889 1334 eum
911 1271 942 1334 in
965 1271 1116 1337 infernum
1129 1297 1140 1337 ·.
1154 1295 1194 1339 ne

192 1371 277 1436 dicas
290 1371 323 1435 in
337 1372 428 1435 corde
442 1378 496 1436 tuo
511 1371 702 1435 mendacium
717 1379 765 1435 est
779 1393 787 1433 :
806 1372 875 1454 quis
891 1372 973 1435 enim
985 1373 1149 1438 descendet
1162 1374 1194 1437 in

193 1472 358 1557 abyssuml
381 1473 459 1536 Haec
484 1471 566 1534 enim
584 1470 751 1561 ¹infidelitas
770 1479 841 1546 tua,
865 1481 1013 1555 quantum
1031 1473 1109 1538 inte
1125 1486 1190 1543 est.

193 1571 351 1638 Christum
378 1592 418 1635 ex
438 1571 567 1635 mortuis
593 1579 725 1653 revocat.
751 1607 793 1618 —
821 1569 885 1656 Qui
912 1574 1058 1635 invocant
1083 1572 1194 1660 eum]

194 1670 280 1735 Huic
288 1670 471 1735 invocationi
487 1670 658 1734 adhibenda
672 1680 720 1735 est
733 1672 828 1734 fides:
847 1672 919 1755 quia
934 1671 960 1734 si
973 1693 1033 1735 non
1048 1673 1190 1748 creditur,

195 1791 259 1833 non
272 1768 471 1834 invocabitur.
497 1807 536 1820 -
565 1770 665 1856 Quem
681 1794 745 1833 non
760 1770 962 1856 andierunt]
980 1775 1024 1836 Et
1045 1773 1115 1836 fidei
1137 1774 1194 1837 ad·

195 1869 346 1934 bibendus
366 1876 414 1932 est
430 1869 571 1945 auditus,
595 1879 628 1934 et
643 1870 760 1934 auditui
778 1869 973 1954 praedicatio,
999 1877 1031 1933 et
1048 1872 1195 1953 praedica-

195 1967 272 2033 tioni
287 1968 403 2033 missin
431 2005 471 2018 -
500 1967 663 2054 Quomodo
679 1991 754 2031 vero
772 1968 1029 2054 praedicabant]
1042 1970 1105 2033 Hic
1120 1990 1195 2034 auc·

194 2069 352 2133 toritatem
387 2089 474 2132 suam
507 2078 539 2133 et
572 2069 700 2133 aliorum
730 2066 932 2154 Evangelium
966 2068 1196 2152 predicantium

195 2169 410 2234 commendat:
434 2191 472 2233 ex
493 2190 530 2232 eo
549 2171 631 2252 quod
650 2170 728 2233 sicut
747 2170 785 2233 de
807 2169 940 2245 Christo,
956 2169 999 2234 ita
1014 2170 1099 2233 etde
1114 2170 1163 2235 his
1178 2192 1197 2235 a

194 2268 359 2351 Prophetis
367 2268 547 2352 praedictum
559 2275 636 2332 erat.
666 2283 705 2315 '-
731 2266 823 2329 Sicut
841 2275 994 2354 scriptum
1015 2268 1099 2354 cst]
1124 2270 1195 2334 Hoc

195 2376 295 2434 totum
309 2369 534 2433 commendatio
548 2367 709 2453 Evangelii
720 2377 779 2447 est,
794 2383 830 2432 ut
840 2368 868 2431 ei
882 2370 1033 2433 credatur.
1062 2405 1102 2417 -
1127 2371 1195 2432 Aa·

136 2466 139 2471 ’
196 2468 282 2531 ditus
298 2482 414 2532 autem.
428 2469 440 2555 l
455 2469 552 2548 Quasi
566 2469 700 2533 diceret:
715 2469 787 2531 Non
809 2489 849 2530 ex
869 2469 951 2532 omni
970 2470 1077 2547 auditu
1091 2470 1127 2533 fit
1140 2491 1193 2533 sa·

194 2569 290 2632 lubris
308 2569 402 2644 fides;
427 2569 482 2632 sed
508 2590 548 2633 ex
568 2589 604 2632 eo
629 2576 767 2643 tanturn,
789 2568 820 2631 in
843 2590 904 2652 quo
923 2569 1044 2633 auditur
1066 2571 1192 2633 verbum

196 2667 320 2733 christi.
345 2704 388 2716 -
412 2669 485 2754 Ego
519 2667 565 2730 ad
592 2667 858 2753 amantiorem]
892 2669 944 2733 Ad
971 2669 1193 2733 aemulationem

195 2768 347 2833 ducuntur
358 2768 473 2844 ludaei,
494 2767 632 2831 videntes
646 2767 773 2852 gloriam
793 2775 825 2831 et
844 2768 1193 2834 exaltationem-'sancta

195 2869 359 2942 Ecclesiae;
379 2888 447 2952 quae
461 2874 534 2931 ante
548 2867 638 2930 fidem
660 2888 721 2930 non
743 2888 819 2952 gens
838 2867 897 2931 Dei
917 2875 994 2932 erat.
1019 2905 1063 2917 -
1086 2869 1193 2930 Isoioc

197 2967 329 3054 auden]
349 2968 462 3043 haias,
479 2967 595 3051 inquit,
616 2987 673 3050 pro
687 2966 803 3030 Judaeia
821 2988 882 3029 uon
897 2966 1028 3040 dimisit,
1048 2967 1121 3050 quin
1135 2970 1192 3030 bo-

170 3070 172 3074 '
197 3088 272 3131 num
285 3067 452 3142 Gentibus,
471 3068 553 3152 quod
569 3066 704 3131 futurum
718 3074 801 3140 erat,
818 3074 850 3129 et
861 3064 975 3128 malum
987 3065 1068 3147 quod
1079 3065 1194 3127 Judaeis

197 3165 440 3243 annumerat,
468 3167 656 3250 pmdiceret.
685 3201 724 3213 -
750 3162 905 3248 Expandi
931 3184 1043 3224 manos
1069 3163 1194 3248 meaa]

196 3267 256 3332 Vel
270 3289 379 3332 manus
397 3268 431 3331 vin
451 3287 539 3332 cruce
560 3274 704 3330 extensas
723 3263 812 3336 dicit;
838 3263 886 3325 vel
903 3262 1005 3346 potius
1022 3283 1115 3346 opera
1125 3285 1194 3347 quae

199 3367 279 3431 inter
288 3369 411 3432 Judoeos
425 3368 574 3432 Dominus
587 3373 729 3450 operatus
741 3373 799 3427 est.

624 3683 692 3724 CAP.
719 3683 762 3722 xl.

245 3860 366 3924 Electio
386 3873 501 3922 antem.
520 3858 531 3944 ]
548 3858 621 3923 Non
642 3857 807 3921 secundum
827 3855 945 3919 merita.
975 3890 1015 3903 -
1039 3853 1195 3940 Spiritum

200 3967 462 4046 compunctionis.
472 3958 484 4045 ]
494 3958 611 4024 Malam
622 3955 884 4039 compunctionem
893 3954 943 4017 hic
954 3953 1117 4038 significat;
1133 3975 1195 4037 qua

197 4080 281 4145 saepe
294 4062 347 4136 fit,
365 4069 401 4125 ut
416 4060 511 4125 etiam
525 4060 640 4122 bonum
662 4055 777 4119 homini
796 4055 837 4119 sit
854 4054 1026 4117 molestum.
1053 4087 1096 4101 -
1119 4054 1196 4116 Fiat

120 4177 124 4184 ’
200 4181 311 4222 menso
325 4182 431 4223 eornm
447 4167 481 4222 in
497 4158 652 4246 loqueum.
667 4155 729 4244 lin
743 4155 900 4239 laqueum,
918 4153 991 4217 etin
1005 4162 1114 4218 catera
1127 4174 1195 4235 quae

199 4266 377 4341 sequuntur,
397 4258 478 4325 facta
489 4257 663 4323 estJudaeis
675 4255 834 4337 Scriptura
845 4254 990 4338 ipsorum,
1009 4274 1102 4337 quern
1116 4253 1195 4315 male

1055 4361 1071 4404 a
