3184 5442
398 696 486 737 mssa
511 697 549 736 nr:
572 696 708 738 conrorrs
732 697 769 738 nr
792 700 881 740 saure.
911 702 1032 745 nomm.
1152 688 1216 750 189

220 835 382 910 cientiam,
401 835 432 897 i'd
450 843 519 909 est,
539 844 733 918 peccatorum
755 838 977 904 remissionem.
1002 842 1064 907 lllis
1083 867 1215 931 namque

220 935 359 998 omnibus
384 934 483 997 modis
502 955 575 997 vera
596 935 711 998 Christi
732 957 802 999 caro
823 957 860 1000 ac
881 940 1004 1022 sanguis
1018 944 1144 1021 existit,
1163 949 1216 1030 qui

221 1035 312 1121 digne
322 1033 493 1118 percipiunt
509 1034 584 1116 ,qui
599 1034 791 1117 percipiendo
807 1036 985 1102 delictorum
996 1040 1214 1128 indulgentiam

221 1143 455 1218 consequuntur.
484 1133 576 1197 Unde
606 1133 635 1194 in
671 1154 786 1197 canone
811 1135 917 1199 Missae
946 1143 1087 1207 sacerdos
1113 1145 1187 1209 dicit
1205 1158 1218 1208 ε’

227 1236 302 1299 “Ut
324 1234 411 1297 nobis
437 1253 568 1316 corpus,
598 1241 631 1295 et
655 1234 779 1317 sanguis
802 1235 857 1298 fiat
882 1236 1070 1304 dilectissimi
1096 1244 1148 1307 filii
1171 1246 1215 1309 tui

221 1334 346 1399 Domini
360 1332 457 1397 nostri
472 1333 548 1395 Jesu
564 1331 693 1405 Christi;
713 1363 725 1385 n
741 1333 828 1396 uobis
843 1385 850 1407 ,
866 1334 1008 1417 inquam,
1022 1340 1054 1403 id
1070 1351 1132 1419 est,
1147 1366 1214 1408 cre.

220 1435 373 1510 dentibus
384 1441 416 1498 et
430 1432 636 1496 misericordia
650 1441 703 1496 tua
717 1433 807 1516 digne
819 1437 1022 1502 sumentibus:
1038 1443 1123 1521 “Qui
1133 1447 1212 1509 enim

221 1535 405 1608 manducat,
425 1542 457 1598 et
481 1533 558 1598 bibit
582 1533 726 1617 indigne,
743 1534 889 1619 judicium
909 1537 965 1600 sibi
980 1543 1165 1619 manducat,
1182 1554 1214 1610 et

220 1635 333 1698 bibit.»
994 1686 996 1691 .
1124 1629 1128 1638 ’

264 1734 347 1799 Hinc
372 1745 402 1798 et
425 1742 550 1797 sanctus
577 1733 744 1817 Gregorius
773 1735 805 1796 in
836 1745 944 1818 quarto
970 1740 1080 1825 dialogi
1108 1744 1208 1808 libro:

224 1867 237 1887 ι·
252 1835 337 1898 Tunc
354 1855 427 1898 vera
446 1855 501 1916 pro
522 1832 608 1896 nobis
623 1833 689 1896 Deo
702 1833 802 1897 hostia
820 1833 896 1910 erit,
920 1858 989 1901 cum
1011 1843 1212 1926 nosmetipsos

219 1937 349 2000 bostiam
373 1934 574 2000 fecerimus.»
598 1935 656 1997 Est
672 1934 794 2016 quidem
823 1935 916 1999 etiam
939 1941 1166 2020 peccatoribus,
1180 1954 1212 2009 et

219 2035 342 2121 indigne
367 2033 554 2097 sumentibus
578 2053 651 2096 vera
667 2032 780 2096 Christi
794 2054 880 2108 caro,
895 2057 1044 2121 verusque
1065 2043 1208 2126 sanguis,

220 2137 275 2198 sed
297 2134 447 2208 essentia,
464 2153 525 2195 non
547 2131 660 2197 salubri
684 2129 854 2197 efficientia.
872 2135 974 2220 Hujus
995 2138 1038 2200 rei
1058 2142 1150 2212 ‚testis
1165 2150 1213 2205 est

219 2238 328 2300 beatus
345 2233 537 2319 Augustinus
559 2233 590 2295 in
615 2231 720 2315 quinto
746 2233 822 2295 libro
848 2236 887 2297 de
914 2237 1067 2320 baptismo
1088 2241 1208 2306 diceus:

218 2335 306 2400 Sicut
336 2335 419 2398 enim
448 2334 572 2410 Judas,
603 2333 652 2397 cui
685 2332 848 2396 buccellam
881 2337 1006 2401 tradidit
1034 2340 1210 2418 Dominus,

219 2456 279 2498 non
301 2435 414 2498 malum
431 2433 605 2515 accipiendo
622 2483 628 2505 ‚
649 2432 704 2494 sed
724 2432 804 2495 male
819 2434 994 2518 accipiendo
1015 2439 1114 2502 locum
1130 2441 1161 2503 in
1178 2463 1212 2505 se

220 2535 340 2598 diaholo
362 2533 508 2617 praehuit;
530 2532 573 2596 sic
595 2530 717 2616 indigne
732 2532 860 2615 quisque
882 2555 1005 2598 sumens
1027 2538 1210 2604 dominicum

220 2643 460 2706 sacramentum,
477 2653 539 2695 non
553 2630 662 2706 efficit,
679 2640 713 2694 ut
729 2631 801 2714 quia
815 2632 881 2714 ipse
898 2635 996 2698 malus
1011 2644 1079 2713 est,
1098 2640 1210 2702 malum

221 2735 277 2809 sit,
295 2742 349 2798 aut
363 2735 437 2818 quia
449 2755 508 2796 non
524 2734 564 2797 ad
575 2733 703 2797 salutem
718 2732 848 2815 accipit,
870 2734 944 2796 nihil
957 2737 1118 2819 acceperit.
1132 2738 1210 2801 Cor-

221 2855 279 2919 pus
290 2835 368 2898 euim
379 2833 514 2909 Domini,
525 2841 556 2897 et
569 2833 693 2918 sanguis
704 2833 828 2896 Domini
840 2833 1033 2898 nihilominus
1043 2846 1109 2900 erat
1118 2839 1210 2902 etiam

220 2935 316 3012 illius,
334 2936 443 3018 quibus
467 2934 587 2998 dicebat
611 2933 799 3017 Apostolus:
817 2932 879 3010 Qui
895 2935 1058 2998 manducat
1081 2944 1113 3000 et
1136 2937 1213 3003 bibit

221 3035 363 3121 indigue;
387 3034 534 3121 judicium
554 3033 611 3098 sibi
630 3035 793 3098 manducat
810 3039 842 3095 et
857 3032 944 3096 bibit.
973 3034 1155 3100 Ambrosius
1181 3038 1212 3101 in

222 3143 310 3198 sexto
323 3134 362 3197 de
371 3133 593 3199 Sacramentis:
613 3132 802 3210 “Quomodo
812 3132 901 3195 verat
916 3132 976 3210 Qui
987 3133 1213 3200 similitudinem

221 3234 327 3307 video,
343 3255 404 3297 non
424 3233 512 3297 video
535 3233 690 3318 sanguinis
713 3231 876 3294 veritatem
901 3264 928 3294 n.
951 3234 994 3296 Et
1018 3233 1211 3317 paulopost:

227 3366 239 3386 u
264 3335 338 3398 Ideo
356 3334 387 3396 in
409 3333 603 3397 similitudine
627 3333 749 3415 quidem
774 3331 886 3415 accipis
900 3343 1143 3411 sacramentum,
1160 3339 1216 3400 sed

223 3453 302 3496 verae
313 3440 429 3497 nuturae
438 3431 779 3515 gratiamvirtutemque
788 3433 990 3515 consequeris.
1004 3464 1016 3486 κ
1031 3432 1214 3499 Similitudi-

224 3553 292 3595 nem
314 3532 372 3596 hoc
393 3532 423 3594 in
444 3530 510 3594 loco
528 3530 611 3593 nullo
633 3531 789 3596 dubitante
810 3531 917 3613 paniS,
940 3532 1063 3615 vinique
1081 3536 1214 3618 speciem

224 3631 382 3717 intelligit,
402 3631 461 3694 sub
483 3651 544 3713 qua
562 3629 695 3713 corporis
716 3630 831 3694 Christi
852 3638 962 3694 natura
975 3633 1165 3717 contegitur:
1184 3643 1216 3699 et

224 3729 288 3794 siue
298 3730 412 3796 cruoris
429 3731 551 3794 horrore
564 3752 584 3794 a
597 3730 689 3816 digne
703 3731 892 3794 sumentibus
911 3731 941 3794 in
958 3733 1087 3796 salutem
1102 3736 1215 3818 accipi-

223 3839 282 3895 tur.
296 3831 453 3896 Invenitur
464 3831 557 3895 etiam
572 3830 698 3913 species,
710 3831 887 3904 similitudo,
899 3833 995 3917 figura
1006 3854 1062 3916 pro
1074 3836 1215 3898 veritate.

223 3929 313 3994 Unde
323 3931 475 3995 Dominus
485 3930 516 3993 in
528 3929 697 4014 Evangelio
712 3931 875 3994 secundum
887 3932 1057 3996 loannem:
1080 3965 1093 3986 u
1108 3936 1218 4018 Neque

223 4051 328 4094 vocem
341 4032 407 4117 ejus
422 4050 555 4114 unquam
568 4030 706 4103 audistis,
718 4051 818 4113 neque
832 4031 965 4113 speciem
978 4033 1043 4118 eJ'us
1056 4031 1185 4097 vidistis.
1200 4066 1212 4087 ν

224 4133 393 4214 Apostolus
412 4132 453 4194 ad
472 4130 663 4195 Corinthios:
691 4162 703 4182 u
731 4131 791 4194 Per
809 4132 901 4194 fidem
923 4132 1003 4194 enim
1027 4134 1217 4198 ambulamus

224 4242 256 4293 et
273 4251 333 4294 non
354 4251 409 4314 per
429 4231 571 4313 speciem.
599 4263 610 4286 n
636 4231 819 4294 Ambrosius
839 4231 869 4292 in
885 4231 960 4294 libro
980 4232 1017 4293 de
1041 4233 1211 4325 mysteriis:
