3184 5442
456 749 628 790 crossum
653 748 702 790 ur.
729 749 770 790 ao
794 749 941 792 comuni.
1157 735 1201 796 69

201 889 365 976 caraem]
384 890 419 954 ld
434 899 492 965 est,
511 911 596 954 more
615 890 775 954 carnaliter
789 889 975 966 viventium;
995 894 1048 976 qui
1068 916 1122 978 pro
1137 903 1200 958 ter-

201 1012 275 1053 reno
299 990 478 1066 commodo,
506 988 594 1053 facile
616 991 805 1054 voluntatem
828 1011 915 1053 suam
935 1000 1067 1057 mutant.
1094 1031 1136 1043 -
1160 995 1202 1056 Ia

201 1088 257 1150 illo
273 1102 332 1166 est,
351 1102 381 1152 et
393 1089 489 1176 nom]
507 1091 543 1154 Id
555 1099 613 1166 est,
627 1090 802 1173 praedicatio
815 1098 931 1166 nostra,
949 1114 1010 1156 non
1028 1094 1132 1158 docuit
1145 1115 1202 1157 vos

202 1189 335 1265 mentiri,
349 1197 381 1253 et
392 1190 500 1254 leviter
508 1197 627 1254 mutare
638 1189 833 1266 sententiam.
860 1228 904 1239 -
926 1191 1086 1280 Nonsuit,
1098 1208 1156 1270 est,
1172 1208 1203 1258 et

203 1289 301 1376 nom]
316 1290 413 1368 Quasi
427 1290 552 1364 diceret,
567 1289 743 1373 praedicatio
754 1298 861 1355 nostra
870 1311 932 1353 non
947 1292 1051 1357 docuit
1065 1293 1203 1358 homines

202 1389 341 1463 mentiri;
366 1390 440 1474 quia
460 1389 605 1474 magister
624 1398 743 1464 noster,
766 1412 857 1474 quem
879 1392 1081 1474 praedicamus
1102 1394 1199 1468 vobiS,

202 1510 263 1552 non
273 1491 377 1554 docuit
387 1512 444 1553 nos
457 1491 495 1553 de
505 1490 612 1554 eadem
624 1512 656 1554 re
670 1489 781 1564 dicere,
798 1499 857 1564 est,
876 1500 909 1555 et
920 1514 980 1555 non
988 1516 995 1566 ;
1011 1493 1114 1570 idest,
1129 1515 1202 1577 pro·

203 1587 282 1654 serre
296 1590 497 1654 mendacium.
515 1591 578 1654 Sed
597 1597 656 1666 est,
679 1598 801 1654 tantum
819 1591 857 1654 de
876 1613 909 1654 re
927 1613 995 1675 quae
1010 1600 1073 1664 est:
1094 1602 1125 1658 et
1142 1616 1202 1659 non

204 1697 268 1765 est,
288 1690 425 1755 similiter
436 1693 474 1754 de
491 1711 524 1754 re
537 1712 605 1775 quae
623 1713 684 1754 non
698 1698 755 1754 est.
783 1727 828 1738 -
855 1690 940 1775 Quot
955 1691 1072 1777 enim]
1086 1694 1121 1756 Id
1141 1701 1199 1765 est,

205 1789 313 1854 merito
333 1789 473 1855 Christus
493 1791 655 1856 veritatem
677 1792 800 1864 docuit;
827 1790 898 1873 quia
917 1791 1004 1854 Deus
1017 1792 1111 1855 Pater
1130 1814 1202 1875 pro-

204 1889 364 1954 missiones
382 1911 453 1954 suas
468 1891 499 1952 in
512 1891 564 1953 illo
583 1891 693 1966 etiam,
714 1889 747 1953 id
766 1898 832 1965 est,
853 1910 943 1968 vere,
961 1890 1134 1972 complevit.
1158 1928 1203 1940 -

204 1989 270 2052 Per
289 1998 391 2076 pisum
405 2013 499 2053 amen
515 1990 615 2076 Dea]
631 1992 692 2056 Per
706 1988 862 2054 Christum
881 2011 971 2054 amen
988 1989 1113 2066 dicitur,
1131 1992 1203 2075 quia

204 2091 292 2154 Deus
305 2090 411 2165 Pater,
429 2090 578 2174 quidquid
591 2092 629 2154 de
641 2112 677 2154 eo
691 2090 842 2174 promisit,
861 2089 891 2153 in
906 2111 942 2153 eo
957 2090 1132 2174 complevit.
1158 2128 1203 2139 —

205 2189 264 2251 Ad
271 2189 408 2275 gloriam
421 2188 597 2274 nostrum]
616 2189 724 2253 Gloria
737 2189 958 2273 Apostolorum
972 2188 1048 2264 fuit,
1063 2211 1203 2255 veracem

205 2290 369 2373 praedicare
388 2289 585 2375 magistrum;
611 2297 643 2353 et
664 2290 695 2352 in
718 2310 779 2372 quo
800 2289 1015 2372 promissiones
1036 2292 1097 2355 Dei
1118 2314 1202 2356 com-

204 2389 295 2474 pletae
323 2398 403 2454 sunt.
432 2427 471 2438 -
501 2388 565 2475 Qui
589 2401 694 2452 autem
717 2388 918 2476 confirmat]
945 2391 1041 2469 Quasi
1065 2392 1198 2467 diceret,

205 2491 287 2574 quod
298 2491 329 2552 in
344 2489 499 2555 Christum
521 2488 656 2565 creditis,
676 2510 735 2553 non
750 2498 862 2553 nostrae
875 2491 1082 2573 predicationi
1099 2493 1202 2577 impu-

206 2598 272 2654 tare
289 2589 420 2664 debetis3
444 2589 516 2674 quia
528 2591 615 2654 Deus
634 2596 692 2666 est,
710 2591 795 2677 cujus
806 2591 906 2676 gratia
924 2591 954 2654 in
968 2593 1028 2656 tide
1042 2595 1203 2657 confirma-

206 2712 292 2766 mur;
309 2699 341 2755 et
352 2692 392 2755 ad
404 2691 596 2755 serviendum
610 2689 668 2754 sibi
683 2698 785 2755 mente
801 2690 1001 2766 delectamus
1020 2691 1092 2775 quia
1109 2694 1203 2757 etiam

206 2813 262 2855 nos
271 2792 358 2876 siguo
371 2790 576 2874 baptismatis,
591 2791 630 2854 ab
640 2789 810 2854 infidelibus
824 2792 993 2875 separavit;
1008 2799 1040 2855 et
1053 2792 1203 2875 Spiritum

207 2898 357 2966 sanctum,
376 2898 495 2956 aeternae
511 2891 696 2956 haereditatis
710 2891 820 2976 pignus
831 2892 863 2954 in
874 2893 1014 2957 cordibus
1025 2891 1137 2955 nostris
1148 2893 1202 2955 de-

207 2991 265 3056 dit.
293 3028 333 3040 -
357 2992 575 3067 Dominamur‚
592 2991 671 3077 eta]
682 2992 807 3056 Diceret
818 2992 886 3075 quis
901 3016 907 3054 :
929 3012 1057 3075 parcens
1072 2998 1143 3053 tunc
1155 2991 1203 3053 vis

207 3112 264 3154 nos
277 3112 384 3176 cogare
398 3093 438 3156 ad
451 3093 554 3156 fidem.
570 3092 642 3157 Non
654 3099 712 3167 est,
729 3090 840 3174 inquit,
854 3091 910 3166 ita,
928 3112 992 3151 non
1004 3087 1205 3151 dominamur·

198 3190 287 3277 fidei
301 3205 431 3271 vestrm,
449 3213 509 3255 non
525 3192 660 3276 cogimus
674 3212 730 3255 vos
743 3190 783 3254 ad
796 3189 900 3252 fidem.
917 3188 975 3252 Vel
987 3207 1114 3272 parcens
1125 3189 1204 3254 dixit

208 3292 248 3355 de
262 3291 455 3375 quibusdam,
475 3292 527 3376 qui
541 3293 601 3356 fide
612 3314 674 3356 non
688 3292 828 3363 stabant;
845 3297 878 3352 et
892 3310 930 3352 ne
944 3295 1061 3354 stantes
1075 3289 1135 3352 fide
1150 3312 1204 3374 pu-

209 3399 311 3455 tarent
318 3391 375 3456 hoc
385 3393 498 3457 dictum
510 3393 548 3455 de
556 3414 602 3468 se,
615 3391 700 3467 dicit,
709 3414 773 3454 non
780 3390 982 3452 dominamur
977 3389 1064 3476 fidei
1071 3403 1200 3466 vestrm,

210 3492 318 3567 idest,
338 3492 478 3556 nolumus
501 3512 659 3555 excercere
674 3490 841 3555 dominium
860 3490 891 3553 in
911 3490 980 3553 illos
999 3490 1052 3575 qui
1069 3498 1154 3557 stant
1173 3491 1204 3554 in

210 3591 280 3666 tide,
295 3592 348 3654 sed
357 3593 502 3678 adjuvare
516 3613 571 3656 vos
582 3590 612 3653 in
623 3591 834 3655 emendatione
846 3591 1099 3675 corrigendorum.

643 3910 711 3950 cAP.
739 3909 772 3950 11.

256 4081 294 4141 Si
309 4089 392 4142 enim
413 4103 471 4168 ego
485 4090 649 4144 contristo.
667 4082 678 4168 ]
693 4083 728 4147 Si
749 4083 855 4148 doctor
869 4080 1058 4164 corripiendo
1071 4080 1205 4144 contris-

213 4186 259 4243 tat
273 4179 464 4263 discipulum,
481 4181 587 4246 laetitia
609 4182 688 4246 illius
702 4189 761 4258 est,
779 4184 806 4246 si
821 4181 984 4263 discipulus
999 4181 1039 4244 ad
1054 4179 1205 4263 poeniten-

216 4279 290 4343 tiam
314 4280 522 4346 contristatur.
551 4317 591 4329 -
616 4282 661 4343 Et
686 4282 745 4343 loc
768 4290 881 4367 ipsum
896 4280 906 4363 l
922 4280 1012 4357 Quod
1035 4286 1080 4341 est
1102 4277 1210 4341 contri·
