3184 5442
495 717 613 758 euossffi
637 717 670 758 nu
693 717 742 757 ur.
768 718 809 758 no
834 719 925 760 nunu.
1152 707 1212 769 131

221 857 350 929 saeculo;
366 857 405 919 de
418 874 480 939 qua
491 862 573 918 terra
583 854 659 917 alias
672 853 798 918 dicitur:
812 854 924 918 Portio
937 881 1007 920 mea
1020 868 1052 921 in
1068 874 1155 924 terro
1166 873 1217 925 vi-

222 965 369 1022 ventium.
393 991 438 1004 -
460 955 544 1016 Eum
562 966 676 1015 autem.
691 951 703 1038 ]
718 953 813 1017 Ordo.
834 957 915 1019 Eum
930 965 1033 1022 autem
1044 961 1216 1047 Jesumqui

222 1058 341 1123 modico
365 1075 458 1140 quam
481 1052 610 1138 Angelis
636 1053 805 1118 minoratus
827 1064 875 1119 est
898 1065 1024 1141 propter
1043 1063 1239 1144 passionem-

222 1157 347 1230 mortis;
361 1161 396 1219 ut
411 1152 511 1239 gratia
521 1151 581 1215 Dei
599 1171 655 1234 pro
667 1152 807 1216 omnibus
817 1162 956 1239 gustaret
967 1167 1113 1234 mortem;
1128 1163 1216 1225 vide-

224 1279 292 1321 mus
313 1255 410 1341 gloria
432 1260 465 1317 et
486 1252 599 1314 honore
620 1259 821 1316 coronatum:
840 1261 872 1318 et
893 1262 942 1319 est
956 1256 1165 1340 hyperbaton,
1186 1261 1218 1324 id

223 1364 288 1435 est,
303 1357 376 1419 ordo
388 1352 547 1426 confusus;
562 1373 625 1435 qua
633 1353 730 1436 figura
738 1352 928 1436 frequentius
934 1357 1029 1421 utitur
1038 1359 1069 1421 in
1078 1360 1218 1444 Epistola
1295 1436 1299 1445 Ι

223 1457 290 1521 huo.
317 1491 358 1504 -
383 1450 535 1536 Mortis]
554 1451 649 1528 Quasi
670 1439 779 1534 {aliquis
796 1453 929 1518 diceret:
948 1455 1001 1518 An
1022 1458 1109 1522 Deus
1125 1459 1218 1523 Pater

223 1555 314 1620 morti
327 1553 455 1618 tradidit
466 1551 578 1616 Filium
591 1550 697 1613 suuml
712 1553 778 1626 lta,
792 1551 907 1634 inquit,
926 1553 989 1638 Qui
1000 1563 1084 1619 enim
1095 1567 1217 1622 saneti-

219 1657 322 1741 fioot,
340 1661 453 1741 etqui,
467 1664 526 1714 ete.
552 1686 591 1699 -
615 1651 753 1727 Mortis,
764 1650 883 1736 gloria.
898 1651 959 1738 ]Id
973 1664 1038 1730 est,
1054 1657 1161 1720 mortis
1173 1659 1218 1722 ita

224 1761 388 1839 susceptae,
409 1760 444 1817 ut
464 1772 520 1835 pro
539 1750 637 1814 salute
661 1750 817 1814 hominum
833 1760 972 1836 gustaret
990 1762 1138 1831 mortem,
1161 1757 1218 1822 hoo

225 1865 272 1921 est
283 1854 331 1921 eui
342 1853 498 1940 jungitur,
517 1849 557 1912 Ut
564 1857 676 1936 gratio
686 1850 745 1911 Dei
753 1872 815 1935 pro
827 1850 970 1913 omnibus
977 1866 1123 1938 gustaret
1132 1877 1217 1917 mor-

225 1969 286 2019 tem
306 1978 317 2017 .·
336 1952 471 2036 alioquin
488 1950 546 2013 nisi
562 1956 701 2033 gustaret
718 1971 773 2032 pro
795 1951 929 2015 omnium
951 1953 1050 2015 salute
1068 1963 1215 2034 mortem,

225 2076 313 2120 cassa
326 2061 409 2117 esset
422 2059 454 2116 et
468 2050 564 2113 irrita.
591 2085 635 2098 --
657 2049 722 2110 Pro
737 2046 881 2110 omnibus
891 2063 1037 2134 gustaret
1055 2065 1194 2116 mortem.
1208 2054 1219 2140 ]

225 2156 299 2219 Ideo
313 2151 467 2237 gustavit,
485 2170 557 2211 nam
573 2148 713 2211 decebat.
725 2147 865 2211 Docebat
874 2149 976 2211 Deum
991 2202 997 2226 ,
1013 2158 1045 2213 et
1056 2153 1156 2234 potuit
1167 2175 1222 2236 per

225 2254 380 2320 Christum
395 2269 625 2326 consummare,
639 2248 747 2324 idest,
766 2248 886 2310 salvare
903 2269 976 2323 nos;
996 2250 1068 2332 quia
1082 2252 1222 2316 Christus

225 2363 323 2420 einos
337 2354 376 2415 ab
390 2351 442 2414 illo
457 2370 580 2422 sumus;
598 2349 758 2432 quodest‚
781 2347 845 2432 Qui
855 2356 954 2426 enim,
967 2363 1025 2414 ete.
1056 2387 1096 2399 -
1121 2353 1221 2417 Dece-

224 2454 290 2518 bat.
305 2452 317 2539 ]
332 2452 472 2516 Docebat
489 2448 586 2523 enim,
602 2446 719 2530 inquit,
740 2447 842 2511 Deum
857 2449 999 2529 Patrem,
1016 2460 1051 2516 ut
1066 2472 1121 2535 per
1138 2474 1221 2517 mor-

224 2561 287 2618 tem
310 2556 535 2616 consummaret
560 2547 716 2611 Christum
745 2554 901 2612 auctorem
931 2550 1038 2614 salutis
1067 2551 1216 2616 humarus.

225 2651 287 2716 Cur
296 2658 400 2715 autem
415 2647 550 2712 decuerit
564 2645 668 2710 multis
680 2647 780 2710 causis
791 2649 1019 2729 pretermissis,
1036 2651 1113 2714 duas
1128 2652 1220 2734 paulo

225 2759 296 2835 post
308 2749 405 2814 dieii:
426 2746 467 2810 Ut
479 2770 544 2834 per
562 2759 693 2808 mortem
717 2745 892 2809 destrueret
907 2771 992 2827 eum,
1013 2757 1067 2836 qui
1086 2749 1220 2812 habebat

225 2857 336 2913 mortis
350 2854 588 2935 principatum,
607 2845 722 2925 idest,
743 2844 926 2908 diabolum:
942 2860 972 2909 et
988 2847 1139 2928 liberare,
1157 2863 1217 2913 ete.

228 2964 268 2999 -·'
291 2949 348 3011 Ex
367 2970 429 3010 uno
449 2945 589 3031 omnes]
604 2945 640 3009 Id
655 2952 718 3023 est,
740 2967 779 3009 ex
795 2947 886 3021 unius
906 2948 1004 3029 patris
1024 2948 1221 3030 dispositione

226 3049 369 3133 pendent.
395 3082 436 3095 -
459 3046 569 3109 Pueri.
579 3045 591 3132 ]
603 3047 719 3110 Pueros
736 3053 826 3109 vocat
840 3046 959 3120 fideles
979 3046 1058 3110 siout
1071 3046 1103 3110 in
1113 3047 1220 3110 Evan-

226 3148 319 3234 gelio:
332 3147 431 3210 Pueri
442 3145 587 3233 nunquid
589 3144 839 3231 pulmentarium
849 3143 983 3207 habetis.
994 3147 1037 3210 Et
1048 3146 1137 3209 alies:
1148 3146 1224 3209 Nisi

225 3247 418 3334 efficiamini
426 3253 597 3333 sicutpuer
607 3253 675 3308 iste.
694 3247 738 3309 Et
750 3246 920 3329 Apostolus
935 3268 941 3306 :
958 3243 1088 3307 Malitia
1095 3246 1213 3332 parvul
1217 3255 1223 3267 “

226 3359 333 3411 estote.
362 3381 403 3394 -
431 3343 517 3430 Quia
530 3367 606 3431 ergo
612 3351 707 3430 pueri
718 3352 1039 3422 communicaverunt,
1052 3343 1224 3430 eto.]Quia

226 3448 354 3512 dederat
363 3445 458 3510 Pater
472 3444 611 3508 homines
625 3443 670 3507 illi
684 3441 803 3508 futuros
812 3444 940 3520 honori,
955 3451 988 3508 et
997 3443 1041 3507 illi
1050 3443 1143 3509 firturi
1155 3448 1220 3520 sui,

227 3567 317 3610 oame
335 3561 368 3610 et
388 3544 536 3629 sanguine
557 3543 708 3628 compaoti
732 3551 837 3623 erant,
858 3544 972 3629 placuit
990 3544 1112 3610 Christo
1132 3546 1223 3611 homo

227 3645 303 3709 fieri.
329 3680 373 3693 -
395 3645 442 3707 Et
455 3641 590 3706 liberare
607 3666 673 3706 eos.
686 3642 698 3728 ]
712 3644 864 3723 Homines
878 3644 1035 3716 liberavit;
1055 3647 1137 3728 quod
1151 3668 1224 3729 pro-

228 3747 282 3809 bat
301 3743 502 3816 aoontrari03
518 3742 672 3806 nonenim
690 3741 844 3826 Angelos,
860 3763 932 3806 nam
950 3742 976 3806 si
994 3743 1134 3828 Angelos
1148 3746 1224 3810 libe-

229 3855 311 3908 raret
324 3843 493 3930 angelicam
512 3850 653 3907 naturam
669 3850 856 3919 assumeret,
878 3845 932 3906 sed
949 3864 1098 3926 nusquam
1117 3845 1224 3932 Ange-

228 3944 327 4007 lorum
337 3953 480 4007 naturam
493 3941 715 4026 apprehendit,
736 3962 809 4027 ergo
818 3989 828 4021 ,
843 3952 904 4008 eto.
932 3979 972 3992 -
1002 3942 1127 4005 Timore
1140 3966 1225 4007 mor-

229 4041 305 4127 tis]
327 4042 450 4106 Fideles
470 4041 560 4120 dicit,
583 4041 636 4124 qui
654 4040 763 4104 timore
781 4042 907 4116 mortiS,
927 4063 982 4105 seu
1000 4042 1150 4125 corporis,
1170 4064 1225 4107 seu

229 4142 356 4221 animae,
372 4162 429 4224 per
444 4147 542 4204 totam
552 4139 648 4204 vitam
662 4140 970 4225 observabantlegem
981 4164 987 4202 :
999 4160 1076 4224 quos
1085 4142 1225 4206 liberavit

229 4240 385 4319 Christus,
401 4261 456 4306 seu
468 4241 507 4303 ab
519 4238 653 4318 inferno,
668 4259 722 4304 seu
732 4241 771 4302 ab
787 4240 971 4322 importabili
983 4242 1058 4327 jugo
1067 4241 1153 4323 legis.
1182 4278 1222 4289 -

1088 4348 1114 4392 o.
