3184 5442
406 763 469 827 118
783 783 813 823 o.
841 780 1016 823 muranum

402 943 457 1004 per
475 920 705 985 unanimitatem
728 926 760 981 et
781 918 1022 1002 magnitudinem
1038 916 1223 1001 iniquitatis
1241 940 1334 1001 quam
1347 941 1407 1004 per

403 1042 456 1085 eos
471 1022 651 1094 exercebat,
676 1027 791 1103 quanta
812 1019 853 1083 sit
875 1019 1034 1111 iniquitas,
1055 1039 1148 1101 quam
1170 1039 1225 1101 per
1253 1020 1402 1104 semetip-

403 1142 470 1184 sum
481 1121 645 1195 exercebit,
661 1121 854 1183 ostendebat.
866 1121 909 1182 Et
919 1127 967 1181 est
976 1118 1114 1201 probatio
1127 1119 1208 1202 quod
1221 1120 1411 1212 revelandus

403 1220 454 1284 sit.
482 1257 521 1267 -
550 1218 589 1282 Ut
604 1227 658 1306 qui
673 1230 767 1279 tenet.
781 1216 793 1303 ]
808 1219 982 1280 Romanum
998 1217 1139 1302 designat
1152 1218 1323 1302 imperium,
1339 1241 1405 1304 quo

403 1320 557 1384 destructo
576 1318 678 1382 veniet
701 1316 918 1380 Antichristus
940 1318 1010 1380 Hoc
1033 1326 1081 1380 est
1104 1317 1185 1380 enim
1207 1321 1289 1401 quod
1304 1320 1397 1384 dicit:

402 1419 614 1484 tantummodo
628 1417 684 1480 hoo
697 1423 812 1490 restat,
830 1428 865 1478 ut
879 1416 1038 1478 Romanus
1049 1417 1235 1499 Imperator,
1249 1439 1291 1500 qu
1302 1418 1402 1483 iteret

403 1519 484 1583 huno
496 1519 661 1590 mundum,
677 1523 782 1581 teneat
795 1517 891 1578 donec
907 1516 945 1578 de
960 1517 1060 1579 medio
1071 1517 1143 1590 fiat,
1157 1516 1190 1579 id
1200 1525 1263 1592 est,
1277 1517 1404 1601 penitus

401 1618 555 1684 auferatur
569 1639 578 1680 t
592 1619 630 1680 de
641 1616 742 1680 medio
760 1616 841 1679 enim
856 1615 932 1690 fieri,
946 1624 1004 1691 est,
1019 1617 1057 1678 de
1072 1617 1226 1694 communi
1241 1617 1402 1690 hominum

403 1726 530 1802 aspectu
546 1716 667 1782 auferri.
696 1755 736 1765 -
761 1715 988 1778 Illustretioue.
1001 1715 1013 1802 ]
1025 1718 1061 1780 Id
1077 1725 1125 1780 est
1138 1769 1144 1792 ‚
1159 1716 1316 1792 claritate,
1331 1739 1401 1800 quae

397 1828 485 1883 tanta
495 1819 610 1894 erit,ut
619 1817 686 1881 visa
696 1838 733 1880 ea
744 1817 904 1880 moriatur.
926 1852 966 1865 -
990 1815 1155 1901 Prodigiis
1164 1815 1405 1904 mandendum]

397 1919 560 1983 Mendacia
582 1925 691 1993 vocat,
716 1915 857 2001 prodigia
878 1915 1083 1988 Antichristi3
1099 1915 1150 1978 vel
1170 1915 1242 1999 quia
1257 1937 1319 1979 non
1340 1917 1400 1981 erit

397 2021 482 2103 quod
503 2018 677 2104 apparebit,
702 2018 752 2081 vel
770 2017 843 2101 quia
864 2017 1008 2100 perituris
1030 2017 1189 2080 mendacia
1211 2017 1398 2081 suadebunt.

400 2158 439 2169 -
463 2120 529 2183 Pro
551 2119 641 2181 vobis
650 2117 791 2204 fratres,
809 2116 895 2202 ]Pr0
911 2117 1013 2193 vobiS,
1032 2116 1176 2180 subaudis
1192 2117 1380 2181 instruendis
1388 2135 1398 2192 ;’

397 2226 480 2283 utet
493 2240 549 2282 vos
565 2240 620 2300 pro
639 2217 756 2281 collatis
766 2216 934 2291 beneficiis,
954 2217 1093 2280 similiter
1106 2215 1221 2300 gratias
1238 2215 1400 2280 referatis:

395 2318 456 2382 Vel
473 2317 544 2400 quia
560 2324 592 2380 et
610 2338 667 2379 vos
677 2316 777 2380 vocati
792 2316 884 2390 estio,
904 2325 939 2380 ut
953 2317 1043 2400 paulo
1056 2324 1127 2400 post
1143 2315 1263 2379 dicitur.
1290 2350 1331 2363 -
1356 2317 1398 2378 Iri

397 2421 645 2504 acquisitionem.
661 2414 673 2502 ]
687 2416 725 2479 ld
740 2422 802 2492 est,
820 2423 855 2480 ut
866 2437 922 2479 vos
938 2416 1046 2480 essetis
1060 2417 1086 2479 ei
1101 2415 1278 2500 acquisitio,
1290 2414 1400 2498 inqua

295 2530 298 2536 '
396 2517 545 2581 Dominus
562 2518 583 2581 J
585 2538 653 2582 esus
671 2516 812 2582 Christus
829 2517 1032 2602 glorificetur;
1050 2525 1085 2581 ut
1108 2525 1141 2579 et
1159 2537 1215 2580 vos
1232 2515 1403 2598 acquiratis

396 2616 540 2701 gloriam,
559 2638 652 2701 qnam
666 2617 818 2682 Dominus
833 2618 925 2681 Jesus
938 2617 1080 2682 Christus
1095 2616 1198 2679 habet.

795 2939 801 2947 '
821 2933 892 2974 CAP.
919 2933 964 2974 111.

443 3133 564 3197 Fidelis
574 3147 689 3197 autem.
704 3133 714 3220 ]
730 3135 767 3199 Id
782 3141 841 3207 est,
859 3153 965 3205 verax,
981 3133 1035 3215 qui
1047 3131 1223 3196 adtirturum
1232 3153 1266 3195 se
1279 3131 1397 3215 promi-

399 3235 440 3298 sit
453 3235 592 3299 fidelibus
606 3235 669 3298 suis
679 3255 775 3318 usque
791 3233 822 3295 in
834 3235 927 3296 finem
941 3219 1054 3296 saculi.
1080 3268 1124 3281 -
1147 3231 1215 3317 Ipse·
1236 3239 1321 3294 enim
1334 3239 1397 3294 sei·

398 3333 467 3419 cia]
483 3335 578 3412 Quasi
597 3335 710 3398 diceret
729 3357 735 3396 :
753 3335 826 3398 Non
837 3342 884 3397 est
899 3355 977 3417 opus
987 3341 1022 3397 ut
1037 3354 1189 3416 exponam
1204 3332 1282 3396 hano
1298 3332 1392 3395 tradi·
1438 3376 1442 3384 -

398 3434 523 3509 tionem,
544 3435 583 3496 de
607 3454 669 3516 qua
682 3434 805 3516 loqu0r;
828 3432 900 3515 quia
915 3455 970 3497 vos
991 3455 1060 3496 eam
1075 3433 1169 3496 scitis.
1198 3467 1238 3481 -
1262 3430 1348 3495 Nam
1362 3445 1396 3494 et

399 3554 468 3593 eum
489 3531 664 3618 essemum]
680 3533 754 3596 Alia
768 3532 858 3606 ratio,
875 3553 928 3595 our
948 3533 980 3595 in
994 3533 1097 3595 labore
1109 3540 1141 3596 et
1153 3530 1332 3615 fatigatione
1343 3531 1392 3595 in-

397 3639 550 3695 oessauter
571 3634 652 3714 apud
674 3654 726 3696 eos
745 3639 889 3715 operatus
906 3632 967 3695 sit:
987 3632 1031 3697 sie
1045 3632 1126 3696 enim
1144 3633 1189 3695 eis
1201 3630 1300 3696 faeere
1316 3632 1392 3695 dum

397 3731 479 3813 apud
492 3742 657 3808 eosesset,
676 3733 835 3796 suadebat.
