3184 5442
554 733 759 777 acueronnrnn
784 737 851 778 sira
875 711 1033 776 nianocns
1224 712 1291 774 215

294 891 400 933 vorsus
413 920 418 940 .
431 870 481 933 nbi
498 879 529 934 et
538 879 658 935 creatus
670 878 733 946 ast;
744 873 846 955 ibique
857 874 935 936 filios
951 873 1133 956 procreavit.
1149 873 1291 936 Occisum

294 975 397 1032 autem
419 969 501 1033 Abel
519 991 539 1033 a
556 970 649 1045 Cain,
663 979 699 1035 ut
713 971 787 1035 dicit
801 972 1011 1057 Hieronymus
1027 1024 1033 1047 ,
1058 979 1179 1037 centum
1196 992 1292 1033 annos

295 1069 390 1146 luxit,
405 1075 437 1132 et
455 1070 531 1132 Evae
546 1070 678 1152 amplius
700 1071 835 1153 copulari
857 1072 965 1134 noluit.
983 1071 1134 1155 Sedquia
1151 1070 1292 1135 Christus

295 1166 491 1231 amaledicto
501 1168 617 1231 semine
632 1169 708 1234 Ca'in
722 1171 821 1233 noluit
831 1171 915 1234 nasci
929 1194 936 1244 ;
950 1191 1005 1253 per
1013 1171 1168 1254 Angelum
1184 1170 1289 1232 admo·
1411 1195 1414 1201 ·

294 1261 377 1326 nitus
387 1264 463 1327 Evae
475 1263 585 1326 iterum
599 1272 647 1327 est
660 1264 793 1329 sociatus
806 1317 813 1338 ,
827 1274 860 1330 et
873 1286 929 1348 pro
942 1266 1023 1329 Abel
1046 1274 1094 1329 est
1110 1265 1187 1329 Seth
1198 1264 1288 1350 geni-

296 1371 366 1438 tus,
381 1364 420 1427 de
434 1364 520 1449 cujus
532 1364 627 1448 stirpe
636 1372 685 1428 est
699 1365 840 1430 Christus
854 1372 955 1429 natus,
968 1366 1047 1429 Volo
1061 1378 1093 1430 te
1104 1366 1198 1428 etiam
1212 1364 1290 1428 scire

296 1463 379 1544 quod
393 1483 413 1524 a
427 1469 565 1545 tempore
584 1464 664 1526 Adae
678 1485 774 1547 usque
790 1465 831 1527 ad
844 1465 914 1528 Noe
927 1485 988 1527 non
1003 1464 1100 1548 pluit,
1115 1472 1147 1529 et
1160 1463 1218 1528 Iris
1228 1484 1288 1526 non
1404 1468 1407 1475 ’

295 1559 372 1637 fuit,
390 1569 423 1626 et
442 1562 580 1626 homines
596 1583 702 1626 carnes
718 1585 778 1626 non
800 1565 949 1639 edebant,
967 1571 1000 1628 et
1011 1564 1115 1627 vinum
1129 1585 1190 1626 non
1204 1563 1289 1626 bibe-

296 1661 388 1732 bant.
418 1671 546 1746 eratque
568 1670 666 1726 totum
691 1671 812 1747 tempus
835 1665 922 1746 quasi
945 1664 1078 1729 vernalis
1104 1663 1286 1747 temperieS,

295 1761 444 1844 copiaque
461 1763 595 1826 omnium
616 1783 733 1838 rerum,
751 1782 819 1845 quae
833 1763 935 1826 omnia
948 1770 1019 1846 post
1041 1763 1204 1828 immutata
1218 1775 1289 1828 sunt

295 1867 421 1943 propter
428 1870 556 1944 peccata
565 1862 731 1925 hominum.
1030 1862 1032 1866 ⁴

339 1960 380 2024 D.
405 1961 486 2039 Quid
503 1961 642 2044 peccavit
655 1961 746 2024 horno
762 1960 845 2043 quod
856 1960 1000 2042 expulsus
1014 1971 1062 2024 est
1073 1961 1111 2024 de
1121 1961 1284 2026 Paradisot

295 2095 339 2106 -
350 2059 439 2125 Sicut
448 2061 535 2125 Deus
545 2081 612 2124 esse
622 2060 815 2143 concupivit,
832 2067 865 2123 et
880 2060 948 2123 ideo
959 2069 1065 2124 contra
1074 2061 1140 2146 ejus
1150 2081 1286 2144 pracep-

295 2166 360 2221 tum
376 2159 416 2221 de
429 2159 591 2224 interdicta
604 2162 712 2224 arbore
723 2160 865 2224 comedit.

340 2259 382 2322 D.
409 2259 491 2337 Quid
511 2261 613 2343 magni
634 2259 693 2324 fuit
713 2260 881 2324 comedisse
905 2261 1046 2344 pomumt
1072 2297 1112 2309 -
1136 2262 1182 2324 M.
1211 2261 1288 2324 Tam

295 2377 389 2441 grave
399 2350 557 2442 'piaculum
568 2358 644 2435 fuit,
657 2368 692 2423 ut
701 2366 767 2424 toto
779 2361 892 2422 mundo
902 2360 1008 2424 redimi
1019 2382 1079 2423 non
1089 2370 1203 2445 posset.

338 2459 381 2521 D.
407 2459 478 2522 Hoc
505 2460 612 2541 proba.
628 2495 671 2508 -
682 2460 727 2522 M.
757 2461 921 2523 Justumne
939 2460 994 2524 tibi
1010 2460 1131 2526 videtur
1149 2470 1184 2526 ut
1202 2463 1292 2525 homo

296 2556 420 2622 obediat
432 2558 542 2621 divinae
555 2559 723 2623 volunt-atii
1174 2624 1177 2633 ,

341 2657 382 2721 D.
409 2658 494 2721 Nihil
517 2658 654 2744 jusum,
683 2680 775 2742 quarn
795 2667 830 2724 ut
851 2659 950 2723 omnis
976 2667 1117 2723 creatura
1139 2659 1313 2725 rationalis-

296 2755 370 2819 nihil
394 2758 515 2821 omnino
541 2767 699 2840 praepouat
727 2759 878 2823 voluntati
899 2758 1065 2823 Creatoris.
1087 2794 1126 2807 -
1139 2759 1186 2822 M.
1210 2761 1294 2842 Ergo

297 2855 438 2920 voluutas
448 2858 508 2921 Dei
520 2859 617 2944 major
628 2866 676 2922 est
688 2880 780 2941 quam
796 2864 879 2922 totus
892 2857 1040 2921 mundus!

341 2957 381 3020 D.
405 2956 540 3040 Utiquet
558 2994 598 3006 -
614 2959 661 3022 Μ.
677 2959 711 3022 Si
722 2958 815 3041 igitur
826 2966 861 3022 tu
872 2966 970 3020 stares
985 2978 1086 3021 coram
1097 2958 1177 3030 Deo,
1193 2964 1225 3020 et
1239 2958 1295 3019 ali-

298 3057 367 3139 quis
375 3056 489 3121 diceret
499 3057 554 3121 tibi
566 3079 573 3118 z
583 3057 716 3140 Respice
727 3066 809 3122 retro
821 3108 828 3131 ,
838 3065 893 3121 aut
904 3059 1131 3131 totusmundus
1139 3057 1292 3132 interibit,

296 3154 412 3219 diceret
432 3165 535 3220 autem
557 3157 659 3221 Deus:
678 3158 760 3221 Nolo
781 3165 817 3220 ut
836 3168 917 3221 retro
936 3156 1097 3239 respicias..
1123 3155 1225 3219 sedin
1245 3177 1295 3218 me

296 3254 457 3337 inspicias;
480 3257 607 3320 deberes
625 3265 660 3321 tu
678 3259 779 3320 Deum
797 3266 1013 3331 contemnere,
1030 3255 1083 3340 qui
1103 3264 1151 3320 est
1168 3255 1296 3320 Creator

296 3355 432 3418 omnium
444 3377 545 3419 rerum
559 3408 565 3432 ,
578 3365 610 3420 et
621 3358 766 3440 gaudium
777 3357 971 3441 angelorum,
984 3365 1019 3420 ut
1028 3356 1172 3420 liberares
1183 3355 1293 3419 transi-

299 3453 412 3517 torium
424 3456 590 3519 mundum!

340 3554 382 3618 D.
410 3555 549 3620 Minime.
569 3591 609 3605 --
623 3557 670 3620 M.
687 3558 758 3620 Hoc
773 3557 878 3619 Adam
892 3555 982 3621 fecit:
996 3576 1099 3620 coram
1109 3555 1178 3619 Deo
1192 3557 1288 3627 stetit,

297 3662 329 3716 et
346 3653 465 3719 diabolo
477 3655 662 3720 inclamante
676 3708 682 3732 ,
698 3664 779 3720 retro
800 3656 953 3740 respexit,
975 3664 1006 3720 et
1021 3656 1119 3742 majus
1135 3661 1293 3739 peccatum

297 3774 389 3836 quam
403 3755 534 3819 mundus
550 3763 633 3820 esset
644 3756 808 3820 commisit.

340 3853 383 3916 D.
409 3853 570 3932 Quomodo
587 3856 705 3941 majust
723 3891 763 3903 —
776 3856 823 3920 M.
839 3854 921 3933 Qua
935 3876 990 3918 sex
1001 3853 1168 3918 criminalia
1177 3849 1295 3936 flagitia

296 3952 327 4014 in
341 3953 396 4016 hoc
408 3975 468 4016 uno
479 3953 603 4017 crimine
613 3955 766 4019 commisit
778 3954 913 4037 ‚quibus
926 3975 981 4018 sex
993 3961 1100 4018 aetatcs
1112 3974 1173 4017 suae
1187 3960 1290 4035 poste-

296 4051 397 4116 ritatis
406 4054 497 4117 morti
509 4055 648 4118 involvit.

340 4153 383 4217 D.
410 4155 486 4231 Quae
509 4153 629 4218 suerunt
650 4154 724 4217 inat
743 4191 783 4203 -
814 4155 861 4218 M.
885 4155 1024 4218 Primum
1048 4152 1189 4237 superbia
1212 4150 1291 4222 suit,

297 4273 366 4316 curn
386 4254 454 4317 Deo
478 4254 602 4336 aqualis
623 4275 689 4318 esso
711 4254 826 4326 voluit;
846 4262 877 4317 et
899 4254 966 4317 idco
985 4253 1083 4316 sactus
1100 4260 1148 4316 est
1163 4251 1295 4313 omniurn
