3184 5442
302 715 344 774 44
676 727 706 767 n.
734 725 908 769 iiinrnnnci

300 908 364 957 toru
387 914 540 956 cuneorum
563 914 583 951 a
603 897 729 952 civitate
745 889 805 952 huc
825 898 1008 950 consecutus
1018 907 1098 947 surra.
1113 885 1159 947 Er
1173 884 1295 947 Prurlus

300 1002 367 1056 uit:
378 995 450 1079 Ego
470 1003 573 1054 autem
593 1003 624 1072 et
640 1004 829 1052 natussum.
848 990 891 1053 Et
906 985 982 1050 alias
998 1006 1033 1048 eo
1055 985 1205 1077 reponem
1222 987 1293 1048 red-

299 1096 402 1167 dente,
423 1091 607 1156 exclamavit
624 1091 736 1155 Festus
750 1113 756 1151 :
770 1091 900 1153 Iasonis
920 1083 1039 1162 Poule‚·
1054 1084 1161 1147 oruhoe
1179 1085 1295 1147 litierae

299 1207 330 1256 te
340 1192 386 1255 ud
398 1198 557 1254 insanium
573 1202 769 1253 convertunt.
796 1225 839 1237 -
866 1187 931 1270 Qui
939 1185 1102 1272 gloriatur
1113 1193 1147 1248 iu
1156 1186 1295 1248 Domino

296 1289 463 1376 glorietur.
473 1286 485 1374 ]
494 1288 565 1352 Hoc
574 1286 782 1351 testimonium
796 1286 828 1349 in
842 1286 863 1349 J
864 1282 976 1348 eremis
985 1282 1031 1346 ita
1042 1282 1153 1367 legitur
1164 1306 1171 1344 :
1184 1283 1224 1344 Iri
1235 1281 1294 1343 hoe

295 1389 461 1475 glorietur,
478 1395 532 1475 qui
549 1386 709 1473 gloriatur
721 1391 803 1449 scire
820 1398 851 1448 et
870 1405 964 1446 nosse
977 1403 1045 1460 me;
1057 1385 1134 1468 quie
1149 1404 1209 1469 ego
1226 1403 1293 1445 sum

301 1489 466 1551 Dominus.

728 1779 798 1819 CAP.
825 1779 860 1820 11.

342 1979 416 2043 Nou
436 1987 470 2042 in
492 1978 712 2064 sublimitate]
726 1977 952 2043 Sublimiiutem
975 1975 1123 2039 sermonis
1149 1982 1238 2040 vocat
1252 1975 1294 2037 lo-

298 2080 413 2165 gicam,
430 2080 502 2163 quia
516 2079 584 2163 ipsa
598 2085 664 2143 tote
684 2079 723 2141 de
743 2077 906 2142 artificiosa
928 2077 1066 2140 oratione
1086 2080 1143 2138 est.
1166 2074 1294 2158 Sapien-

297 2180 372 2244 tiam
400 2187 490 2244 vocat
509 2178 731 2262 quadruvium,
757 2183 790 2240 et
815 2176 949 2239 maxime
978 2176 1073 2239 libros
1097 2173 1290 2249 Platonicos,

297 2277 429 2360 speciem
454 2278 576 2340 nomine
593 2277 714 2362 generis
726 2276 900 2361 designans
927 2311 961 2325 -
991 2271 1294 2357 persecutum]

298 2374 494 2440 Rhetoricam
518 2377 635 2460 tangit,
652 2376 683 2439 in
702 2396 763 2459 qua
783 2376 894 2439 dantur
914 2381 1068 2459 precepta
1087 2372 1227 2456 apposite
1247 2372 1294 2434 lo-

298 2473 410 2556 quendi
435 2475 475 2537 ad
497 2475 736 2557 persuasionem.
764 2511 806 2526 -
829 2474 940 2562 Neque
964 2471 1179 2559 principum]
1204 2470 1293 2537 Prin-

298 2572 381 2656 cipes
405 2573 455 2637 hic
475 2583 566 2639 vocat
589 2575 729 2660 egregios
750 2575 954 2659 Philosophus
967 2595 1009 2649 ‚a
1031 2573 1159 2656 quibus,
1185 2578 1218 2636 et
1239 2592 1294 2656 per

298 2692 376 2754 quos
396 2672 587 2757 philosophia
599 2676 724 2739 inventa
737 2683 795 2740 est.
818 2677 887 2753 Quo
910 2673 1032 2737 nomine
1052 2673 1083 2736 in
1102 2671 1312 2770 saecularibus‘

298 2772 391 2836 etiam
411 2773 521 2838 litteris
539 2782 710 2850 censentur,
726 2783 762 2839 ut
779 2775 888 2840 Cicero
905 2775 937 2837 in
956 2773 1086 2857 topicis:
1107 2771 1289 2859 Utriusque,

299 2872 418 2957 inquit,
434 2881 589 2961 princeps
603 2925 610 2951 ,
624 2888 658 2938 ut
672 2874 752 2938 miii
776 2875 917 2950 uidetur,
939 2871 1128 2936 Aristoteles
1139 2870 1224 2962 fuit.
1251 2909 1291 2920 -

300 2975 339 3036 lu
350 2982 510 3058 mysterio.
520 2974 532 3061 ]
543 2976 734 3061 Exponendo
748 2975 897 3062 mysteria
909 2974 1033 3040 Veteris
1043 2972 1245 3048 Testamenti,
1262 2973 1292 3035 in

299 3074 407 3158 quibus
430 3076 584 3142 Christum
614 3078 775 3162 figuratum
802 3075 895 3140 fuisse
924 3074 1100 3139 asserimus.
1127 3110 1168 3121 -
1191 3072 1293 3136 Nemo

293 3183 491 3264 principum,
509 3191 567 3241 eie.
576 3176 588 3263 ]
598 3179 713 3243 Probat
723 3177 795 3262 quia
805 3198 896 3241 nemo
911 3174 1098 3260 principum,
1112 3173 1185 3259 quia
1195 3173 1290 3257 scrip-

300 3283 365 3339 tum
376 3287 435 3343 est.
450 3280 529 3343 Item
544 3279 617 3362 quic
629 3301 688 3343 non
713 3285 934 3363 cognovenmt,
954 3277 1026 3360 quia
1046 3276 1079 3340 hi
1093 3277 1145 3360 qui
1164 3275 1293 3359 dihgunt

300 3395 370 3437 eum
397 3382 536 3439 temtum.-
556 3377 639 3439 Nam
655 3398 728 3451 nos,
753 3378 835 3458 quod
850 3383 898 3440 est
914 3375 1001 3439 nobis
1015 3382 1118 3439 autem
1132 3374 1289 3439 revelavit.

298 3472 414 3536 Probat
424 3473 496 3556 quia
512 3474 675 3547 revelavit,
692 3493 764 3536 nam
774 3495 830 3556 per
842 3473 1006 3557 Spiritum,
1024 3483 1085 3535 etc.
1099 3474 1142 3535 Et
1156 3473 1213 3537 hoc
1224 3495 1293 3556 pro·

299 3572 362 3647 bat,
378 3571 451 3655 quia
463 3592 520 3635 nos
530 3572 702 3655 accepimus
716 3571 883 3655 Spiritum,
898 3578 972 3647 etc,
988 3569 1071 3653 quod
1082 3577 1146 3644 est,
1161 3573 1214 3633 sed
1229 3573 1291 3654 spi-

198 3727 204 3735 .
300 3670 392 3734 ritum
406 3669 458 3752 qui
472 3671 590 3734 exDec
611 3677 674 3746 est,
697 3677 757 3735 etc.
778 3671 821 3735 Et
843 3671 952 3753 probat
974 3668 1047 3752 quie
1064 3667 1212 3752 Spiritum
1232 3671 1293 3734 Dei

299 3768 467 3852 acceperit:
486 3769 558 3854 quia
572 3791 631 3834 non
648 3770 821 3854 accepimus
835 3768 984 3854 Spiritum
996 3768 1086 3853 hujus
1106 3769 1222 3833 mundi.
1250 3808 1290 3822 -

285 3913 287 3916 -
304 3866 399 3954 Quod
404 3868 511 3932 oculus
521 3891 585 3931 nou
594 3867 831 3956 oidii.]Probat
841 3869 924 3953 quod
935 3867 1073 3953 superius
1082 3867 1177 3934 dixit:
1190 3869 1292 3934 Nemo

269 3969 273 3975 ’
294 3976 478 4055 principum
493 3969 585 4056 hujus
596 3969 706 4033 soeouli
715 3976 873 4057 coguovit.
883 3968 1073 4053 Sapientiam
1084 3969 1246 4049 enimDei,
1260 3971 1292 4034 id

300 4076 358 4150 est,
367 4068 533 4132 Dominum
541 4067 707 4146 Christum,
725 4091 794 4154 quae
809 4069 1003 4156 diligentibus
1014 4091 1084 4135 eum
1094 4069 1124 4134 in
1134 4071 1291 4156 praemium

300 4175 472 4253 preparata
491 4178 559 4245 est,
576 4191 632 4235 nec
647 4171 751 4236 oculus
767 4170 865 4245 vidit,
880 4178 940 4235 etc.
958 4172 1065 4236 Habet
1082 4180 1186 4236 autem
1200 4171 1292 4253 scrip·

301 4276 366 4334 tum
379 4268 409 4333 in
420 4268 502 4333 Isaia
514 4269 573 4333 sic:
590 4269 707 4334 Oculzu
722 4295 786 4334 reon
807 4270 890 4334 vidit
904 4324 910 4349 ,
927 4272 1032 4351 Deus,
1049 4270 1166 4358 ubsque
1177 4285 1208 4334 te
1221 4292 1291 4358 quoe
