3184 5442
473 757 595 800 cnosso·
615 759 648 799 m
672 757 720 800 nr.
746 759 787 799 no
810 758 919 802 araas.
1003 774 1005 776 v
1132 739 1192 803 101

625 1091 694 1132 cAP.
721 1091 767 1133 111.

241 1306 279 1368 Si
299 1317 404 1368 tamen
419 1303 565 1366 audoin.
579 1303 592 1390 ]
607 1304 793 1388 interruptio
815 1311 863 1369 est
879 1306 1038 1370 sententie
1049 1307 1197 1390 usquead

196 1405 289 1469 aliam
305 1404 489 1468 sententiam
504 1424 572 1487 quae
583 1403 626 1468 sic
640 1403 765 1486 incipit:
779 1404 884 1490 Hujus
895 1412 1005 1490 gratia
1004 1406 1120 1491 flecto,
1132 1417 1193 1468 etc.

195 1540 242 1556 -
252 1504 387 1567 Factum
397 1516 444 1567 est
458 1516 703 1568 sacramentum.
714 1502 726 1589 ]
738 1505 969 1568 Sacramentum
976 1504 1034 1568 hoc
1045 1505 1084 1568 de
1095 1524 1196 1588 aequa·

196 1603 284 1668 litate
301 1603 449 1669 Gentium
470 1612 534 1679 est,
555 1624 624 1667 cum
642 1611 734 1688 genta
749 1605 943 1677 ludaeorum,
961 1603 1000 1667 da
1020 1624 1081 1686 quo
1103 1626 1198 1688 supra

196 1704 334 1768 breviter
342 1703 464 1788 scripsit
475 1703 579 1767 dicens
597 1726 604 1764 ;
621 1703 696 1789 lpse
713 1715 760 1765 eat
772 1710 935 1788 enirnpax
946 1714 1068 1782 nostro,
1083 1703 1197 1791 quise·
1214 1690 1218 1696 ⁶

196 1811 242 1866 cil
250 1815 380 1891 utraque
391 1826 497 1878 unum,
509 1815 584 1882 etc„
598 1823 696 1886 usque
702 1803 774 1888 jam
790 1824 854 1863 non
866 1809 943 1864 estiis
949 1800 1088 1888 hospites
1097 1816 1129 1866 et
1139 1804 1198 1866 ad·

197 1925 298 1966 oenoe.
318 1939 359 1952 -
375 1903 481 1990 Supra
494 1911 610 1989 scripsi
628 1911 661 1965 in
679 1899 773 1964 brevi.
786 1901 802 1988 J
814 1900 964 1966 Breviter.
980 1901 1135 1985 Scriptum
1150 1910 1199 1966 est

197 2001 348 2086 asperim,
362 2010 397 2067 ut
410 2001 654 2089 notumfaceret
663 2013 897 2064 sacramentum
915 1999 1202 2064 suae‘voluntatis:

198 2115 379 2172 autumare
389 2111 495 2165 omnia
504 2124 575 2190 quoe
586 2110 619 2163 in
635 2101 734 2179 ooelts,
752 2113 782 2163 et
791 2123 865 2188 quoe
873 2108 906 2162 in
917 2113 1015 2163 terra.
1034 2137 1075 2151 —
1095 2099 1196 2164 Gene-

198 2199 382 2265 rationibus.
398 2200 604 2289 ]²Revelatum
618 2200 740 2284 quidem
749 2199 806 2264 fuit
816 2201 1105 2284 prophetisVeteris
1115 2201 1193 2266 Tas-

197 2302 326 2367 tamenti
344 2322 400 2386 per
413 2301 543 2386 gratiam
562 2301 622 2365 Dei
637 2301 757 2364 Gentes
773 2322 841 2365 esse
855 2301 1030 2376 salvandas,
1045 2301 1102 2364 sed
1112 2303 1196 2385 quod

196 2401 237 2464 ad
251 2401 456 2484 aequalitatem
470 2401 648 2464 Judaeorum
660 2408 763 2465 essent
776 2408 913 2465 venturae
918 2408 955 2465 ut
965 2401 1147 2476 cohaered'es
1163 2410 1196 2467 et

196 2500 426 2584 concorporales
444 2501 576 2564 cumeis
597 2501 715 2576 fierent,
739 2522 833 2565 unam
852 2512 884 2565 et
904 2502 1053 2586 aequalem
1065 2522 1135 2566 cum
1152 2503 1197 2566 eis

197 2599 406 2663 haereditatem
422 2599 580 2676 habiturae,
598 2599 757 2684 spirituale
773 2621 884 2683 corpus
901 2601 1006 2680 idest,
1026 2622 1119 2664 unam
1133 2603 1195 2666 Ec-

196 2698 321 2764 clesiam
334 2719 405 2762 cum
426 2707 516 2784 gente
530 2700 706 2764 Judaeorum
721 2699 846 2765 facturae
857 2700 1014 2785 aequaliter
1024 2699 1197 2784 promissio-

197 2797 246 2861 nis
257 2796 318 2862 Dei
331 2798 517 2880 participas3
533 2799 619 2874 nulli,
637 2798 698 2862 nisi
710 2791 741 2861 in
755 2797 846 2862 Novo
854 2800 1066 2873 Testamenta,
1082 2798 1197 2862 revela·

199 2907 267 2961 tum
277 2896 347 2960 fuit.
366 2933 406 2947 —
426 2896 466 2961 Ut
481 2906 669 2961 innotescat.
689 2896 896 2984 JAbsccnditi
906 2897 1024 2968 adhoc,
1040 2904 1076 2961 ut
1089 2903 1197 2979 postea
1265 2984 1268 2989 .

201 2994 397 3061 multiformis
411 2997 562 3080 sapientia
582 2996 632 3078 lin
648 2997 707 3061 hoc
723 2996 806 3080 quod
822 2995 969 3080 praemisit
988 2994 1193 3069 Patriarchas

197 3094 371 3179 Prophetas
384 3103 418 3160 et
429 3095 615 3180 Apostolos)
627 3095 834 3160 notificaretur
842 3094 1077 3178 coelesnousper
1087 3093 1196 3158 Eccle-

198 3193 288 3272 siam,
305 3195 339 3259 id
349 3204 408 3272 est,
425 3217 482 3281 per
496 3217 534 3262 ea
548 3217 617 3280 quae
627 3205 774 3283 gemnlur
783 3195 815 3258 in
829 3193 979 3259 Ecclesia.
996 3230 1036 3242 -
1054 3191 1094 3257 Ut
1107 3199 1198 3254 iono-

198 3306 311 3359 tescat.
324 3293 336 3381 ]
347 3297 382 3360 ln
396 3297 637 3382 cognoscendam
649 3296 830 3381 sapientiam
842 3293 913 3370 Dei,
926 3291 1198 3378 coelestesspiritus

198 3393 293 3459 etiam
307 3394 500 3478 profecerunt
515 3417 569 3480 per
582 3395 752 3461 Ecclesiam
766 3419 774 3469 ;
793 3395 865 3479 quia
880 3395 953 3458 dum
972 3414 1041 3458 eam
1057 3388 1198 3458 Christus

199 3514 255 3558 seu
267 3515 323 3584 per¹
336 3515 381 3570 se,
400 3516 455 3559 seu
475 3515 530 3580 per
545 3495 712 3579 Apostolos
730 3516 802 3559 suos
816 3494 990 3571 instmeret‚
1005 3494 1136 3579 plun'ma
1147 3513 1197 3556 se-

200 3607 286 3658 creta
298 3593 479 3670 didicerunt,
497 3615 566 3678 quae
580 3604 673 3659 antea
685 3595 876 3680 ignorabant.
897 3631 938 3645 —
952 3591 1198 3680 Mausoleum]

200 3693 296 3760 Ordo.
314 3693 473 3779 Sapientia
486 3695 546 3759 Dei
558 3694 750 3759 multiformis
762 3696 928 3760 secundum
934 3693 1115 3780 sapientiam
1124 3691 1195 3764 Dei,

201 3813 271 3877 quae
286 3792 318 3856 in
332 3794 456 3878 propria
468 3801 579 3860 natura
592 3795 724 3880 simplex
738 3802 798 3869 est,
815 3795 982 3860 secundum
997 3793 1133 3856 ordinem
1145 3812 1199 3855 sae

200 3889 341 3953 culorum
354 3890 550 3956 multiformis
566 3891 687 3968 dicitur,
709 3913 746 3955 eo
763 3892 846 3975 quod
864 3890 932 3976 ipsa
950 3890 1060 3955 saecula
1078 3889 1110 3952 in
1131 3888 1199 3973 ipso

201 3989 261 4054 Dei
273 3989 609 4056 ordinemaltiformiter
620 3992 786 4056 variantur.
806 3991 994 4078 -Propter
1004 3986 1199 4078 quodpiam]

201 4087 285 4154 Petit
299 4109 338 4152 na
350 4090 512 4172 desperent
522 4091 560 4153 de
569 4090 776 4155 misericordia
787 4089 849 4156 Dei
861 4090 941 4155 circa
949 4089 1077 4174 seipsos,
1089 4087 1198 4151 viden-

202 4195 330 4252 teseum
339 4195 427 4253 lanta
440 4191 515 4272 pali.
535 4225 578 4238 -
593 4190 672 4253 Peto
688 4212 727 4252 ne
742 4189 912 4276 deficiatis.
928 4189 939 4275 ]
954 4190 1128 4271 Utrumque
1142 4208 1199 4248 no-

203 4294 291 4354 uerat
302 4288 449 4354 alterutro
458 4289 605 4376 indigere,
615 4297 647 4354 et
659 4290 784 4376 gloriam
795 4290 890 4353 libero
902 4288 1037 4359 arbitrio,
1050 4285 1101 4350 ubi
1109 4292 1200 4368 rogat
