3184 5442
584 740 700 783 cnosse
723 741 756 782 m
779 741 829 782 ae.
855 740 896 781 An
919 741 992 782 non.
1240 725 1284 787 29

296 904 362 943 uiuo
375 887 499 942 initium
514 879 643 966 aliquod
652 881 894 964 ereaturoeejuo.
904 878 1001 957 Quasi
1013 880 1142 945 diceret:
1155 884 1293 948 Ecclesia

294 981 406 1045 Christi
419 986 564 1064 expectat
580 979 709 1043 revelari
722 979 779 1042 sibi
793 980 921 1064 gloriam
937 980 1066 1043 filiorum
1080 981 1159 1044 Dei:
1172 983 1209 1046 Id
1223 991 1289 1060 est,

293 1081 472 1146 societatem
490 1080 604 1143 habere
626 1099 695 1142 cum
712 1078 830 1163 angelis
843 1078 915 1143 Dei.
943 1111 983 1126 -
1010 1078 1157 1142 Vanitati
1172 1083 1292 1169 enim]

294 1181 390 1260 Quasi
407 1179 476 1263 quis
501 1179 615 1243 diceret
630 1178 791 1242 :Ecclesia
812 1199 880 1260 quae
905 1185 1026 1242 tantam
1049 1182 1292 1262 expectationem

294 1282 402 1356 habet,
414 1300 469 1344 our
482 1299 563 1343 vana
574 1277 711 1363 cogitat
726 1277 789 1342 Cur
804 1299 884 1342 vana
894 1299 1112 1362 nonnunquam
1122 1281 1291 1347 desiderat!

295 1382 347 1446 Ad
359 1382 419 1444 hoo
433 1379 616 1463 respondet:
633 1379 706 1442 Non
719 1379 826 1442 volens
836 1379 894 1442 hoc
903 1379 1031 1462 patitur.
1045 1380 1109 1443 Sed
1125 1380 1169 1444 ita
1179 1382 1293 1464 placuit

296 1482 363 1545 Deo
375 1480 448 1564 quia
462 1477 594 1543 vanitati
607 1498 678 1540 earn
693 1477 842 1564 subjecit,
862 1479 938 1541 dans
953 1478 997 1542 eis
1008 1499 1095 1562 spem
1107 1480 1179 1563 quia
1190 1501 1289 1565 quan-

295 1581 396 1664 doque
406 1578 583 1643 liberabitur
595 1599 614 1641 a
625 1578 772 1642 servitute
786 1578 933 1643 vanitatis
947 1585 978 1642 et
993 1578 1205 1661 corruptionis;
1221 1602 1290 1646 oum

298 1678 373 1741 data
387 1677 445 1740 sibi
458 1675 549 1741 fuerit
563 1676 689 1740 libertas
707 1677 811 1761 gloriae
832 1697 924 1760 quam
944 1677 997 1739 filii
1018 1677 1076 1741 Dei
1098 1678 1221 1744 habent.
1250 1717 1290 1729 -

300 1775 554 1862 Redemptiouem
563 1774 737 1862 corporis]
749 1776 833 1838 Vere
844 1783 1042 1858 expectamus
1054 1777 1293 1861 redemptionem

300 1875 449 1959 corporis,
463 1876 535 1959 quia
545 1897 704 1960 speramus
714 1877 798 1960 quod
809 1881 868 1938 est.
886 1876 948 1963 Ubi
960 1876 1035 1938 dicit
1047 1896 1103 1959 per
1113 1878 1293 1959 patientiam

299 1981 519 2058 expectamus,
533 1997 709 2059 speramus;
724 1975 796 2058 quia
808 1995 862 2058 spe
877 1974 955 2038 salvi
965 1973 1039 2038 facti
1055 1996 1176 2038 sumus:
1191 1986 1223 2040 et
1237 1977 1295 2041 hoo

298 2076 428 2157 probat,
445 2075 518 2157 quia
529 2075 612 2158 quod
628 2095 689 2137 non
703 2075 862 2150 videmus,
875 2094 1051 2156 speramus;
1069 2074 1214 2138 sciliceta
1226 2076 1295 2140 Deo

297 2173 499 2258 promissum:
519 2175 575 2237 sed
585 2173 756 2257 redemptio
766 2168 901 2256 corporis
925 2181 973 2237 est
984 2173 1144 2256 promissa.
1160 2174 1306 2250 Probat,'

298 2274 380 2356 quod
391 2293 453 2336 non
462 2273 602 2337 videmus
613 2293 789 2357 speramus:
805 2272 877 2356 quia
887 2274 968 2356 quod
976 2272 1115 2336 videmus
1125 2295 1187 2337 non
1194 2294 1296 2359 spera·

298 2391 377 2435 mus.
391 2373 434 2436 Et
444 2373 502 2437 hoo
513 2374 640 2455 pmbat‚
657 2373 731 2456 quia
740 2371 818 2436 visio
829 2379 935 2436 nostra
947 2394 1009 2436 non
1021 2379 1069 2437 est
1081 2394 1163 2456 spes.
1180 2375 1224 2437 Et
1237 2373 1296 2436 hoc

297 2473 424 2554 probat,
443 2473 516 2556 quia
539 2493 611 2556 spes
631 2493 700 2556 quae
726 2473 846 2538 videtur
868 2494 928 2536 non
955 2479 1003 2537 est
1020 2493 1106 2556 spes:
1124 2474 1198 2556 quia
1212 2473 1296 2556 nulla

299 2569 393 2647 visio,
420 2592 492 2654 spes
514 2578 573 2635 est.
591 2574 634 2637 Et
659 2572 717 2636 hoc
741 2574 872 2656 probat,
902 2572 974 2656 quia
999 2573 1081 2655 quod
1105 2573 1191 2637 videt
1213 2573 1292 2656 quia,

299 2669 373 2753 quid
398 2672 521 2755 speratl
540 2671 622 2749 Quia
642 2672 743 2735 nullus
765 2673 874 2736 videns
893 2678 1008 2755 sperat.
1026 2673 1085 2737 Vel
1107 2672 1169 2736 ita:
1193 2681 1295 2744 utrum

299 2777 496 2853 expectemus
511 2770 770 2854 redemptioneml
787 2771 1013 2854 Respondetur‚
1031 2791 1123 2835 vere:
1138 2772 1210 2855 quia
1224 2792 1295 2854 spe-

299 2889 402 2932 ramus
417 2869 500 2953 quod
522 2890 578 2952 spe
599 2869 676 2933 salvi
690 2869 764 2934 facti
778 2891 894 2934 sumus.
915 2870 965 2934 Ita
980 2870 1131 2953 explicat:
1143 2870 1169 2933 si
1187 2891 1295 2953 spera·

301 2987 388 3042 mus,
407 2973 605 3050 expectamus
622 2968 703 3050 quod
720 2975 784 3041 est;
812 2967 838 3031 si
853 2973 957 3032 autern
979 2968 1061 3050 quod
1079 2987 1140 3030 non
1156 2967 1296 3029 videmus

301 3085 477 3148 speramus,
503 3087 559 3151 per
580 3066 761 3150 patientiam
782 3073 981 3150 expectamus
998 3064 1217 3149 (assumptio),
1242 3067 1296 3127 sed

302 3165 458 3248 speramus
473 3166 555 3249 quod
572 3185 632 3228 non
653 3166 805 3230 videmus.
823 3168 866 3230 Et
884 3164 942 3226 hoc
963 3163 1091 3246 probat,
1108 3161 1181 3245 quia
1213 3163 1295 3244 quod

301 3263 421 3329 videtur
442 3286 504 3328 non
532 3273 674 3349 speratur
698 3266 781 3349 quod
805 3271 871 3339 est;
898 3283 968 3347 spes
994 3269 1097 3326 autem
1118 3282 1187 3346 quae
1207 3261 1296 3326 vide-

302 3370 364 3439 tur,
381 3385 441 3428 non
466 3371 514 3428 est
537 3384 620 3447 spes.
648 3367 692 3429 Et
721 3365 779 3428 hoc
807 3365 933 3449 probat;
963 3382 1034 3426 nam
1060 3361 1160 3426 nullus
1189 3362 1297 3426 videns

304 3470 408 3546 sperat
431 3464 511 3547 quod
538 3474 609 3536 est;
635 3483 707 3527 narn
727 3466 810 3547 quod
831 3464 916 3528 videt
941 3462 1036 3546 quis,
1063 3462 1136 3545 quid
1163 3462 1294 3545 sperati

302 3597 346 3612 -
369 3562 432 3649 Spe
445 3562 558 3649 enim]
568 3563 664 3642 Quasi
678 3563 788 3647 aliquis
803 3563 934 3628 diceret:
951 3563 1062 3647 Nonne
1078 3562 1131 3646 qui
1145 3563 1214 3627 Deo
1230 3583 1296 3626 ser-

187 3730 192 3739 ,
301 3662 392 3727 viunt
406 3662 499 3727 etiam
516 3663 548 3726 in
565 3663 713 3739 haurite,
730 3663 901 3728 avanitate
911 3669 944 3726 et
957 3662 1148 3747 corruptione
1164 3661 1297 3725 liberan-

301 3761 373 3826 turl
396 3761 479 3827 Huic
499 3761 661 3848 objectioni
683 3763 849 3846 respondet
859 3762 1039 3846 Apostolus,
1058 3761 1181 3825 dicens:
1202 3761 1297 3844 Spem

301 3860 468 3937 habenae,
483 3869 519 3926 ut
532 3860 565 3923 in
577 3867 693 3926 aeterna
705 3860 770 3925 vita
782 3861 945 3925 liberemur
952 3883 960 3935 ;
978 3861 1033 3924 sed
1047 3861 1181 3924 nondum
1194 3859 1224 3922 in
1243 3860 1300 3923 hac

302 3960 368 4023 vita
390 3959 510 4023 liberati
530 3980 647 4024 sumtis.
673 3995 714 4012 -
739 3958 923 4044 Similiter]
945 3959 1043 4038 Quasi
1063 3959 1175 4024 diceret
1190 3979 1198 4020 t
1213 3957 1299 4023 Sicut

302 4078 375 4142 spes
388 4060 511 4123 roborat
525 4059 806 4142 pusillanimitatem
820 4066 957 4123 nostram
970 4081 978 4133 ;
995 4057 1040 4122 ita
1055 4065 1087 4122 et
1105 4056 1230 4141 spiritus
1241 4057 1299 4119 ad-

299 4160 389 4244 juvat
408 4158 616 4224 infirmitatem
637 4166 793 4233 nostram
817 4157 973 4222 insinuans
992 4157 1080 4221 nobis
1101 4157 1175 4241 quid
1199 4155 1298 4220 lacere

302 4259 477 4324 debeamus.
504 4296 543 4309 -
571 4257 689 4322 Omnia
706 4250 923 4345 cooperantur.
937 4257 948 4342 ]
962 4258 1058 4336 Quasi
1078 4258 1209 4320 diceret:
1226 4255 1298 4318 Non
