3184 5442
362 678 450 719 nisan
475 678 513 718 na
537 677 671 719 cortrone
696 679 733 721 ur
757 680 847 723 sanc.
877 681 998 723 nomint.
1117 663 1180 725 195

180 821 253 880 sunt
264 820 457 878 sacramenta
470 815 615 878 Ecclesiae
626 836 719 898 quam
734 838 912 903 synagogae,
927 826 958 882 et
967 821 1181 902 praestantiora

181 936 275 1000 quam
296 935 410 977 manna
427 921 486 978 est.
508 947 521 969 n
543 915 586 978 Et
599 917 691 997 paulo
708 925 802 999 post:
826 919 1018 981 “Probatum
1037 925 1084 981 est
1098 921 1181 983 anti-

182 1011 291 1094 quiora
302 1030 369 1072 esse
380 1009 524 1073 Ecclesiae
536 1019 742 1084 sacramenta,
760 1034 840 1076 nimo
857 1034 1004 1098 cognosce
1015 1014 1145 1096 potiora.
1162 1048 1176 1069 η

182 1113 225 1175 Εῖ
242 1118 315 1194 post
328 1109 445 1191 aliqua,
460 1109 631 1192 cognovisti
644 1111 878 1193 praestantiora:
903 1143 915 1164 u
934 1112 1040 1176 Potior
1060 1119 1108 1176 θεῖ
1127 1116 1181 1177 lux

183 1231 275 1294 quam
292 1210 411 1283 umbra,
426 1208 539 1271 veritos
554 1229 646 1291 quam
659 1211 766 1294 figura.
786 1243 799 1265 n
817 1212 895 1274 Item
910 1212 941 1274 in
954 1220 1063 1295 quarto
1077 1214 1115 1276 de
1129 1235 1181 1277 sa-

183 1309 366 1375 cramentis.
388 1339 401 1361 ιι
420 1308 537 1393 Accipe
554 1329 621 1391 quae
640 1309 723 1381 dico,
740 1310 892 1374 diviniora
907 1333 973 1374 esse
992 1322 1182 1377 sacramenta

184 1409 425 1475 Christianorum
447 1428 540 1490 quam
561 1409 749 1472 Judaeorum.
773 1442 786 1463 ν»
812 1412 896 1494 Ergo
920 1409 999 1474 falsa
1021 1421 1092 1474 sunt
1113 1433 1181 1496 quae

184 1508 340 1593 proponis,
415 1567 418 1572 .

230 1609 384 1693 Amplius,
397 1609 433 1673 Si
446 1629 554 1673 verum
563 1616 611 1671 est
621 1610 702 1690 quod
713 1609 750 1671 de
760 1630 885 1692 corpore
897 1607 1011 1672 Christi
1024 1618 1058 1673 tu
1069 1613 1178 1687 credis

185 1720 217 1775 et
227 1709 339 1773 astruis
358 1731 366 1771 ι
384 1708 499 1773 falsum.
511 1715 559 1773 est
573 1708 656 1792 quod
667 1709 707 1770 ab
720 1710 860 1772 Ecclesia
872 1709 984 1792 ubique
996 1711 1132 1794 gentium
1143 1713 1182 1775 de

184 1811 294 1873 eadem
309 1830 343 1873 re
358 1811 490 1874 creditur
504 1816 536 1873 et
550 1809 708 1873 astruitur.
724 1809 841 1872 Omnes
855 1808 947 1883 enim,
963 1810 1015 1891 qui
1032 1809 1181 1873 Christia-

184 1931 242 1972 nos
263 1930 297 1972 se
317 1917 349 1972 et
366 1930 448 1984 esse,
471 1919 502 1972 et
520 1909 579 1972 dici
600 1909 764 1971 laetantur:
784 1929 890 1971 veram
910 1907 1021 1971 Christi
1038 1925 1178 1987 carnem,

184 2030 352 2092 verumque
366 2011 431 2095 ejus
446 2008 643 2094 sanguinem,
655 2019 787 2091 utraque
800 2015 925 2090 sumpta
937 2008 977 2069 de
992 2007 1132 2091 Virgine;
1150 2010 1181 2071 in

186 2111 244 2173 hoc
260 2116 451 2172 sacramento
465 2129 498 2172 se
512 2108 670 2191 percipere
691 2109 869 2192 gloriantur.
884 2109 1043 2192 Interroga
1060 2109 1183 2172 univer-·

186 2229 252 2283 sos,
268 2206 322 2290 qui
342 2207 461 2270 Latinae
481 2207 609 2290 linguae.
624 2214 838 2270 nostrarumve
858 2208 1026 2271 litterarum
1041 2208 1182 2272 notitiam

185 2315 397 2391 perceperunt.
413 2308 574 2392 Interroga
594 2308 737 2381 GraemS,
757 2308 939 2387 Armenios,
955 2328 1010 2372 seu
1024 2309 1183 2394 cujuslibet

185 2408 319 2473 nationis
341 2429 538 2492 quoscunque
561 2407 751 2472 Christianos
775 2409 929 2485 homines,
951 2432 1012 2474 uno
1035 2431 1087 2472 ore
1105 2410 1183 2473 hanc

185 2511 278 2573 tidem
300 2529 334 2573 se
354 2517 506 2575 testantur
528 2508 652 2571 habere.
673 2509 769 2572 Porro
790 2509 816 2571 si
839 2508 1018 2574 universalis
1040 2510 1184 2573 Ecclesia

187 2611 263 2673 fides
281 2608 359 2673 falsa
380 2609 507 2683 existit,
527 2617 581 2672 aut
597 2630 753 2691 nunquam
777 2607 836 2673 fuit
857 2609 1005 2673 cathohca
1025 2609 1180 2684 Ecclesia,

187 2721 241 2773 aut
256 2709 355 2792 periit.
366 2708 452 2772 Nihil
464 2729 596 2791 namque
610 2707 762 2772 efficacius
774 2709 814 2770 ad
826 2709 985 2772 interitum
1000 2709 1180 2782 animarum,

187 2831 280 2894 quarn
294 2809 480 2892 perniciosus
491 2829 587 2872 error.
601 2808 664 2872 Sed
675 2830 736 2871 non
747 2807 853 2883 fuisse,
866 2815 920 2872 aut
933 2807 1060 2891 periisse
1074 2809 1182 2871 Eccle-

187 2910 276 2983 siam,
290 2907 458 2972 catholicus
470 2929 561 2972 nemo
576 2908 772 2972 consenserit.
786 2909 934 2991 Alioquin
949 2929 1009 2970 non
1021 2914 1069 2970 est
1079 2928 1184 2970 verum

188 3010 271 3094 quod
277 3008 414 3072 Abrahae
427 3007 541 3072 veritas
551 3007 701 3092 promisit,
719 3008 842 3071 dicens:
864 3038 877 3061 u
890 3009 925 3072 In
938 3007 1053 3070 semine
1064 3013 1117 3070 tuo
1128 3009 1183 3069 be-

187 3110 365 3174 nedicentur
378 3129 486 3172 omnes
500 3109 629 3172 Gentes.
651 3139 664 3161 n
681 3109 760 3171 Item
778 3109 810 3171 in
827 3109 970 3172 Psalmo:
990 3106 1146 3172 «Postula
1166 3126 1185 3168 a

188 3231 238 3274 me
247 3219 280 3273 et
288 3210 367 3273 dabo
379 3208 434 3272 tibi
443 3209 562 3272 Gentes
573 3207 783 3271 haereditatem
798 3214 901 3283 tuam,
917 3218 949 3270 et
962 3206 1183 3290 possessionem

189 3317 274 3374 tuam
288 3309 435 3374 terminos
448 3315 547 3372 terrae.
564 3339 577 3362 n
591 3309 669 3372 Item
683 3329 690 3370 :
708 3337 721 3360 u
731 3308 994 3380 Reminisoentur,
1008 3314 1040 3370 et
1054 3327 1182 3371 conver-

189 3417 293 3472 tentur
306 3409 345 3472 ad
356 3407 523 3472 Dominum
534 3406 667 3471 universi
676 3407 752 3470 fines
762 3414 863 3470 terre.
880 3438 892 3461 n
908 3409 951 3470 Et
962 3405 1053 3470 alibi:
1070 3435 1083 3459 α
1099 3406 1185 3484 Quos

189 3508 318 3572 redemit
329 3508 367 3571 de
378 3506 609 3580 manuinimicI,
624 3508 663 3569 de
675 3505 850 3588 regionibus
864 3506 1062 3591 congregavit
1079 3526 1148 3579 eos,
1166 3527 1185 3568 a

189 3609 262 3672 solis
279 3615 365 3683 ortu,
385 3614 418 3671 et
431 3628 561 3681 occasu,
578 3608 617 3669 ab
634 3605 776 3689 aquilone
792 3617 824 3671 et
839 3607 929 3670 mari·
950 3637 963 3660 υ
982 3607 1061 3669 Item
1079 3606 1186 3670 beatus

189 3705 935 3792 Augustinus,inprimaexpositionisPsalmorum
943 3713 1046 3790 parte:
1059 3735 1072 3758 u
1082 3705 1186 3770 Eccle-

189 3808 236 3872 sia
247 3829 358 3891 magna
371 3808 444 3891 quid
458 3814 506 3871 est
518 3806 647 3870 fratresl
662 3807 812 3890 Nimquid
822 3808 935 3892 exigua
947 3827 1020 3889 pars
1031 3806 1112 3869 orbis
1122 3813 1185 3869 ter-

190 3929 292 3973 rarum
298 3908 437 3972 Ecclesia
445 3928 558 3992 magna
566 3907 778 3972 esttEcclesia
788 3928 902 3992 magna
911 3905 1082 3971 totusorbis
1094 3913 1151 3970 est.
1168 3937 1181 3958 ι

190 4010 270 4074 Item
287 4009 319 4072 in
338 4011 445 4074 eadem
462 4033 468 4072 :
488 4008 707 4072 «Annuntiavi
725 4008 876 4094 justitiam
896 4016 980 4071 tuam
998 4006 1029 4068 in
1050 4006 1187 4070 Ecclesia

190 4131 312 4195 magna.
328 4110 430 4188 Quam
443 4108 569 4194 magnai
585 4109 664 4172 Toto
678 4110 750 4172 orbe
765 4115 926 4172 terrarum.
942 4107 1042 4184 Quam
1054 4107 1183 4190 magnat

192 4210 226 4274 ln
240 4209 384 4273 omnibus
397 4198 560 4274 Gentibus.
573 4208 676 4286 Quare
685 4208 715 4270 in
729 4207 870 4271 omnibus
880 4205 1047 4270 Gentibust
1067 4204 1148 4281 Quia
1155 4203 1185 4264 in

1054 4310 1097 4356 aa.
