3184 5442
305 722 403 783 19⁶2·
565 796 568 801 Ι
679 741 707 781 n.
738 741 911 783 LANFRANCI
1003 793 1007 800 .

302 881 372 943 mali
403 881 477 944 dant
498 879 594 943 honal
617 879 680 944 Sed
707 881 805 943 malos
827 880 993 963 appellavit
1015 883 1175 949 dilectores
1195 892 1301 954 saeeuli

301 981 411 1066 hujus,
439 988 471 1043 et
494 987 678 1062 peccatores,
705 981 793 1043 Bona
815 1001 889 1043 vero
910 1001 977 1064 quae
1006 983 1101 1058 dant,
1130 991 1301 1054 secundum

301 1084 404 1145 eorum
426 1101 565 1153 sensum,
582 1082 662 1142 hona
680 1073 808 1144 dicenda
837 1088 923 1153 sunt;
947 1081 1018 1164 quia
1040 1083 1104 1148 haec
1127 1107 1183 1168 pro
1210 1090 1302 1153 honis

302 1179 425 1242 habent.
440 1181 506 1243 »Et
519 1181 670 1243 Dominus
676 1181 697 1242 J
698 1201 768 1242 esus
775 1179 1045 1265 Christuspropter
1056 1185 1203 1265 quasdam
1211 1187 1301 1250 simi·
1387 1176 1390 1180 λ

301 1279 444 1343 litudines
468 1279 498 1342 in
520 1279 628 1342 iisdem
655 1280 766 1343 litteris
786 1286 913 1342 vocatur
935 1281 1003 1359 leo,
1026 1303 1139 1365 agnus,
1164 1287 1296 1359 vermis,

300 1379 415 1462 lignum
430 1430 436 1454 ,
451 1385 554 1462 petra,
571 1378 649 1462 lapis
665 1378 837 1464 angulariS,
854 1379 1011 1462 multaque
1022 1381 1053 1443 in
1066 1382 1147 1447 hunc
1157 1386 1295 1449 modum.

300 1480 352 1543 Sic
368 1487 400 1542 et
416 1499 525 1561 corpus
538 1478 650 1542 Christi
671 1485 799 1543 vocatur
809 1479 913 1562 paniS,
931 1481 981 1542 vel
993 1481 1064 1564 quia
1079 1503 1118 1546 ex
1132 1505 1211 1566 pane
1222 1507 1300 1548 oon-

300 1579 474 1656 ficitur,seu
493 1579 565 1662 quia
588 1579 795 1643 contuentium
818 1579 912 1642 oculis
940 1601 1009 1644 curn
1036 1603 1106 1644 caro
1128 1583 1188 1657 sit,
1207 1586 1300 1666 panis

301 1679 432 1754 videtur,
453 1679 518 1742 sive
538 1679 620 1763 quod
635 1677 803 1761 corporali,
818 1685 851 1740 et
869 1678 980 1741 visibili
1003 1681 1075 1762 pani
1098 1681 1299 1749 similitudine

303 1781 434 1863 quadam
450 1779 652 1866 conjungitur.
665 1780 748 1844 Nam
760 1778 840 1841 sicut
858 1779 931 1861 quia
947 1779 1005 1842 iste
1023 1782 1187 1845 materialis
1207 1786 1298 1866 panis

303 1882 432 1944 discrete
452 1886 591 1964 sumptus
610 1879 772 1942 humanam
797 1898 918 1941 carnem
939 1879 1054 1955 nutrit,
1073 1888 1105 1944 et
1123 1891 1295 1962 sustentat,

302 1982 345 2045 sie
363 1979 537 2063 spirituale,
557 1987 589 2043 et
612 1978 762 2042 invisibile
787 1998 897 2061 corpus
915 1978 1028 2043 Christi
1052 1981 1184 2044 animam
1204 1984 1298 2068 digne

302 2082 449 2145 sumentis
471 2081 543 2154 alit,
568 2087 600 2142 et
624 2085 759 2162 vegetat.
791 2077 903 2142 Adhuc
925 2078 1030 2164 objicis
1055 2088 1091 2162 et,
1112 2083 1297 2148 auctoritate

302 2179 457 2244 Ambrosii
485 2178 583 2261 ipsum
613 2177 811 2241 Ambrosium
838 2179 990 2240 infirmare
1016 2178 1131 2241 moliris
1159 2180 1293 2246 dicens:

303 2277 483 2342 Ambrosius
494 2276 524 2338 in
535 2276 610 2338 libro
621 2275 661 2336 de
671 2275 877 2339 Sacramentis
886 2277 948 2339 ait:
969 2276 1170 2341 «sicutenim
1187 2281 1297 2345 morus

301 2376 526 2440 similitudinem
548 2373 720 2456 sumpsisti,
740 2375 785 2437 ita
806 2376 899 2438 etiam
918 2375 1144 2440 similitudinem
1169 2381 1297 2461 pretiosi

300 2475 454 2559 sanguinis
464 2473 552 2535 bibis.
576 2503 588 2526 v·
607 2473 790 2536 Haeoverha
806 2495 961 2558 exponens
981 2475 1055 2558 quid
1071 2481 1292 2560 comparatius,

302 2574 402 2656 inquis
417 2624 423 2648 ,
441 2572 515 2656 quid
534 2571 677 2635 similiusl
694 2572 811 2656 Negari
827 2594 888 2636 non
902 2581 1004 2657 potest
1021 2576 1146 2639 beatum
1163 2578 1297 2642 Ambro-

301 2674 378 2736 sium
391 2681 579 2737 sacramento
587 2673 732 2756 baptismi
738 2683 929 2739 sacramenta
938 2676 1164 2759 comparavisse
1173 2677 1294 2744 altaris.

301 2775 372 2840 Non
400 2780 446 2836 est
474 2781 577 2836 autern
602 2793 675 2836 vera
703 2772 816 2837 Christi
838 2795 921 2837 mors
948 2774 980 2837 in
1005 2776 1179 2863 baptisma
1195 2776 1298 2861 Igitur

302 2897 357 2939 nec
370 2895 458 2938 verus
472 2874 537 2959 ejus
548 2873 671 2957 sanguis
683 2872 715 2935 in
726 2873 783 2936 hoe
798 2881 1000 2938 sacramento.
1013 2875 1093 2938 Pace
1109 2883 1163 2938 tua
1177 2875 1297 2941 dietum

300 2976 357 3051 sit,
381 2975 510 3038 multum
530 2972 642 3037 falleris
660 2973 691 3035 in
711 2973 768 3037 hac
783 2974 944 3036 verborum
964 2974 1179 3058 intelligentia,
1193 2997 1299 3061 neque

300 3076 380 3139 enini
401 3074 604 3139 similitudinis
622 3073 766 3137 adverbia
787 3072 997 3149 identitatem,
1015 3095 1069 3137 seu
1086 3075 1298 3157 aequalitatem
1349 3141 1355 3147 ,

280 3183 282 3188 '
299 3176 411 3260 ubique
433 3175 534 3259 posita
550 3173 731 3258 significant.
749 3173 784 3236 In
807 3172 976 3257 Evangelio
1000 3194 1132 3256 namque
1150 3175 1298 3240 Salvator

299 3276 388 3341 dicit:
407 3307 419 3328 u
432 3279 541 3342 Estote
550 3274 769 3350 misericordes,
779 3273 858 3337 sicut
871 3280 903 3336 ct
908 3282 996 3355 pater
1004 3282 1105 3337 vester
1119 3273 1295 3340 misericors

298 3385 354 3439 est.
371 3408 383 3431 n
401 3376 474 3439 Non
485 3383 588 3438 tamen
604 3375 711 3437 eadem
725 3424 731 3447 ‚
746 3394 800 3437 seu
814 3373 937 3456 aequalis
962 3373 1166 3438 misericordia
1180 3382 1289 3458 potest

297 3476 395 3538 inesse
407 3473 474 3536 Deo
489 3480 520 3536 et
533 3472 714 3535 hominibus.
726 3475 769 3537 Et
781 3474 813 3536 in
823 3473 991 3558 Evangelio
1005 3475 1169 3537 secundum
1179 3475 1200 3537 J
1200 3496 1263 3540 oan
1274 3513 1291 3524 -

297 3594 382 3637 neme
412 3601 424 3622 u
452 3573 495 3635 Et
508 3591 581 3655 ego,
607 3571 722 3653 inquit,
749 3572 918 3637 claritatem
940 3594 1032 3656 quam
1056 3573 1177 3637 dedisti.
1204 3575 1287 3640 Mihi

297 3672 366 3736 dedi
390 3692 467 3749 coe,
490 3679 526 3734 ut
553 3670 614 3733 sint
638 3691 731 3732 unum
760 3671 839 3734 sicut
863 3681 895 3736 et
915 3694 971 3735 nos
999 3694 1095 3736 unum
1120 3693 1248 3737 sumus.
1273 3707 1287 3729 ιν
1388 3662 1396 3681 '

296 3775 341 3837 Et·
360 3771 450 3835 alibi:
472 3799 485 3822 u
512 3769 654 3832 Dilexisti
675 3790 742 3844 em,
766 3771 845 3836 sicut
859 3779 891 3834 et
909 3793 958 3835 me
980 3773 1123 3836 dilexisti.
1153 3805 1165 3827 n
1189 3773 1286 3838 Unde

294 3880 327 3936 et
336 3872 444 3934 beatus
454 3868 645 3953 Augustinus
657 3868 688 3930 in
700 3869 888 3952 expositione
898 3872 1032 3957 ejusdem
1042 3871 1204 3954 Evangelii
1217 3872 1288 3937 ait:

298 4004 310 4024 u
328 3972 437 4053 Neque
457 3969 537 4032 enim
561 3990 680 4052 semper
702 3968 908 4052 aequalitatem
933 3971 1083 4055 significat
1109 3970 1286 4053 quidiait,

294 4073 372 4134 sieut
390 4069 480 4145 illud,
497 4069 542 4132 ita
560 4078 591 4133 et
611 4069 701 4142 illud;
726 4069 780 4131 sed
802 4069 963 4152 aliquando
986 4077 1121 4144 tantum,
1140 4070 1213 4152 quia
1236 4077 1290 4134 est

294 4170 383 4243 illud,
401 4177 448 4233 est
463 4176 494 4232 et
507 4168 597 4242 illud,
615 4175 669 4232 aut
678 4167 749 4251 quia
758 4175 806 4232 est
814 4169 889 4232 illud
903 4177 939 4233 ut
951 4170 1006 4246 sit,
1020 4179 1051 4232 et
1062 4169 1149 4232 illud.
