3184 5442
515 749 632 790 onossm
656 749 688 790 iu
713 750 760 790 nr.
787 751 829 790 nn
852 749 913 792 τιτ.
1152 734 1214 796 1⁶27

214 910 304 953 nosse
344 924 386 937 -
409 888 587 950 Secundum
598 887 859 974 pietatenr.]Per
869 911 960 973 quam
973 892 1120 957 hahemus
1129 915 1215 977 spem

214 998 334 1052 aeternae
353 989 437 1052 vitae.
460 989 585 1052 Diceret
609 989 701 1071 quis,
720 989 795 1051 satis
819 997 907 1071 potes
925 1012 1067 1074 sperare,
1085 1001 1117 1057 et
1140 995 1211 1057 nihil

216 1088 375 1172 consequi;
389 1090 428 1153 ad
439 1089 496 1153 hoc
512 1090 691 1172 respondet:
711 1088 972 1173 Quampromisit
986 1090 1084 1153 Deus.
1100 1093 1215 1157 Iterum

215 1189 381 1275 objicienti,
393 1209 464 1272 spes
473 1187 737 1271 aliquandofallit;
751 1189 905 1273 adjungit?
916 1198 1043 1276 quinon
1052 1200 1212 1255 mentitur.

218 1325 257 1338 -
275 1287 409 1350 Verbum
421 1287 538 1374 suum]
547 1289 654 1352 Vitam
668 1295 813 1351 aeternam
826 1288 910 1372 lquae
919 1289 1070 1372 promissa
1080 1298 1112 1353 et
1121 1294 1216 1354 mani-

182 1388 190 1401 '
215 1389 326 1453 sestula
337 1388 395 1472 est)
412 1389 484 1452 dicit
495 1409 562 1451 esse
573 1389 708 1451 Verbum
719 1388 789 1451 Dei.
806 1389 877 1474 Ego
891 1412 973 1467 sum,
982 1389 1093 1473 inquit.
1107 1398 1175 1469 via,
1185 1406 1216 1455 et

216 1497 350 1564 ueritus,
365 1502 395 1550 et
404 1497 487 1551 uita.
514 1525 558 1536 -
583 1488 706 1550 Dilecto
706 1488 794 1573 filio.
803 1487 815 1574 ]
825 1490 886 1567 Qui
898 1498 945 1552 est
958 1489 1037 1552 filius
1046 1511 1142 1565 meus,
1154 1512 1214 1553 non

196 1656 200 1661 ,
216 1589 381 1652 secundum
397 1608 530 1661 carnem,
541 1589 594 1650 sed
604 1588 769 1650 secundum
782 1588 961 1652 catholicam
971 1591 1062 1652 fidem
1074 1611 1179 1672 ,quam
1188 1591 1215 1652 ei

216 1687 365 1750 insinuari
376 1711 382 1749 z
393 1687 575 1751 catholicum
588 1688 669 1750 enim
679 1689 803 1762 Graece,
815 1708 974 1751 commune
988 1688 1036 1750 vel
1048 1687 1216 1751 universale

218 1787 327 1851 dicitur
343 1787 461 1850 Latine.
481 1824 521 1836 —
542 1785 675 1873 Oportet
686 1788 892 1872 Episcopum.
902 1787 914 1873 ]
925 1789 988 1851 Hic
1000 1795 1105 1870 aperte
1117 1797 1217 1851 osten-

217 1886 263 1949 dit
285 1888 530 1972 presbyterorum
552 1886 673 1950 nomine
693 1887 863 1971 Episcopus
884 1887 1024 1970 superius
1041 1887 1217 1970 designatos

217 1987 320 2051 fuisse.
348 2024 388 2035 -
415 1987 567 2074 Proprius
577 2009 683 2049 eorum
696 1985 1035 2071 Propheta.]Attende
1046 2007 1107 2048 non
1117 1987 1215 2049 solum

218 2088 353 2166 Judaeos,
366 2089 420 2150 sed
434 2095 466 2151 et
480 2088 599 2151 Gentes
614 2086 756 2150 habuisse
772 2086 958 2168 Prophetas
986 2123 1025 2134 -
1052 2085 1217 2148 Cretenses

217 2209 343 2272 semper
353 2187 530 2250 menduces.
540 2187 650 2274 ]Tales
662 2208 729 2250 esse
739 2189 895 2250 confirmat
908 2196 1013 2251 auctor
1020 2187 1216 2270 Epimenides

220 2286 315 2349 Poeta
329 2287 462 2371 gentilis,
488 2325 531 2335 -
559 2287 675 2350 Omnia
687 2287 817 2350 munda.
830 2286 841 2371 l
856 2289 958 2351 Datur
973 2287 1117 2372 intelligi,
1134 2290 1215 2371 quod

220 2406 256 2449 ex
272 2387 424 2450 mandatis
439 2388 572 2470 ipsorum
587 2388 741 2450 hominum
758 2439 764 2462 ,
790 2388 913 2470 quidam
931 2387 990 2451 cibi
1006 2388 1215 2475 judicarentur

219 2486 377 2548 immundi.

651 2778 721 2820 CAP.
748 2780 780 2820 Π,

270 2975 309 3038 Ut
320 2975 508 3039 doctrinam.
523 2976 535 3062 ]
549 2977 620 3039 Hoc
634 2977 674 3038 ud
688 2974 790 3038 omnia
803 2975 958 3059 superiora
970 2975 1110 3048 refertur,
1125 2995 1164 3037 ex
1179 2995 1215 3036 eo

222 3077 298 3151 1000,
317 3097 377 3158 quo
390 3076 464 3139 dicit
478 3099 484 3136 :
504 3098 595 3138 senes
608 3087 642 3136 ut
653 3073 751 3136 sobrii
762 3081 839 3135 sint.
866 3110 906 3122 -
935 3071 1059 3134 Ornent
1071 3080 1104 3132 in
1119 3081 1218 3133 omni-

222 3175 288 3238 bus.
300 3174 544 3261 ]Ornamentum
555 3176 687 3239 doctoris
699 3182 758 3249 est,
772 3174 901 3237 honesta
911 3173 976 3234 vita
988 3172 1213 3254 discipulorum.

224 3311 264 3324 —
288 3278 449 3362 Apparuit
467 3283 550 3338 enim
566 3273 720 3337 omnibus.
741 3272 753 3358 l
768 3271 864 3350 Quasi
880 3272 992 3335 diceret
1011 3293 1019 3332 t
1036 3271 1215 3335 Doctrinam

222 3375 335 3440 Christi
352 3397 458 3438 ornare
473 3383 594 3458 oportet
612 3373 720 3452 omniS,
732 3372 780 3437 cui
797 3371 896 3457 gratia
907 3371 978 3446 Dei,
993 3370 1025 3433 id
1041 3378 1099 3441 est,
1112 3371 1217 3434 remis-
1313 3402 1315 3407 ·

222 3477 268 3539 sio
281 3483 474 3558 peccatorum
486 3482 517 3538 et
527 3473 594 3537 vita
608 3483 722 3537 aetema
732 3473 763 3534 in
774 3481 919 3555 promptu
932 3478 999 3545 est,
1012 3471 1151 3534 omnihus
1164 3493 1214 3534 or-

223 3575 363 3638 nantibus
385 3595 464 3638 earn.
488 3611 531 3623 -
560 3571 793 3658 impietatem]
814 3573 851 3636 Id
871 3579 935 3646 est,
958 3570 1160 3634 idololatriam
1185 3581 1216 3634 et

223 3675 371 3739 culturam
381 3676 562 3738 daemonum.
591 3711 630 3722 -
659 3671 789 3736 Gloriae.
801 3671 813 3757 ]
824 3672 873 3735 De
888 3672 945 3735 hac
961 3671 1056 3755 gloria
1067 3671 1177 3734 dicitur
1185 3671 1216 3732 in

223 3775 392 3860 Evangelio
404 3774 569 3838 secundum
578 3773 753 3838 Mattheum
766 3793 773 3834 :
788 3770 890 3834 Filius
901 3779 983 3834 enim
993 3770 1129 3833 bominis
1140 3793 1218 3831 ven-

225 3883 313 3934 tuncs
328 3884 376 3934 est
394 3879 427 3933 in
445 3871 553 3958 gloria
572 3872 680 3936 Putris
697 3877 763 3942 sui,
779 3891 849 3930 cum
866 3867 1002 3955 Angelis
1017 3874 1096 3946 suis.
1110 3869 1152 3930 Et
1170 3874 1217 3928 est

224 3972 309 4046 ordo,
327 3972 430 4056 gloriae
445 3968 521 4036 Jesu
537 3969 650 4038 Christi
665 3969 779 4053 magni,
798 3977 859 4032 eto.
