3184 5442
435 761 553 802 crossia
577 761 609 802 m
635 762 683 803 er.
710 761 750 802 xo
773 760 958 803 russsxmu.
1137 746 1200 807 117

363 1079 411 1124 IX.
433 1077 468 1124 IN
486 1077 588 1125 EPIST.
609 1079 655 1124 AD
674 1077 994 1127 THESSALONICENSES
1013 1081 1045 1126 11.
1080 1071 1083 1078 ’

637 1337 706 1379 CAP.
734 1338 753 1378 1.

246 1544 380 1620 Paulae,
395 1558 456 1608 etc.
471 1545 482 1632 ]
499 1546 534 1609 In
547 1545 693 1628 superiori
710 1544 850 1629 Epistola
862 1545 941 1611 dixit
955 1549 993 1611 de
1008 1548 1056 1611 die
1068 1549 1173 1634 judicii
1189 1571 1196 1610 :

200 1643 271 1708 Nos
283 1652 339 1732 qui
349 1644 469 1708 residui
479 1668 599 1720 suiuus,
618 1669 681 1707 non
689 1652 917 1730 praeveniemus
931 1655 1049 1734 eosqui
1063 1647 1199 1710 dormie-

201 1757 288 1807 runt.
302 1745 397 1808 Modo
409 1753 512 1809 autem
524 1765 563 1806 ne
577 1743 629 1808 isti
644 1765 699 1807 suo
712 1757 850 1825 tempore
861 1744 1038 1808 existiment
1049 1745 1106 1810 boc
1121 1745 1201 1810 futu-

201 1863 287 1919 rum,
306 1845 488 1909 determinat
503 1845 624 1927 quando
643 1843 684 1906 sit
704 1841 838 1905 futurum
859 1863 867 1904 ι
889 1845 970 1925 quod
990 1844 1048 1908 nisi
1065 1844 1196 1919 fecisset,

199 1942 251 2005 vel
264 1941 358 2007 falsus
372 1965 439 2008 esse
456 1945 645 2022 crederetur,
667 1943 717 2006 vel
736 1941 801 2006 dies
816 1941 921 2027 judicii
940 1964 960 2006 a
978 1943 1199 2027 posterioribus
1295 1937 1297 1940 ’
1401 2006 1405 2014 ,

199 2041 331 2124 amplius
344 2065 405 2106 non
420 2052 644 2126 expectaretur.
672 2078 712 2091 -
742 2039 1010 2104 Tribulotionibus
1028 2065 1109 2130 quas
1123 2065 1196 2105 sus-

193 2141 344 2228 tinetis]
358 2142 582 2206 Tribulationes
600 2162 679 2225 quas
698 2140 795 2205 sancti
812 2141 843 2203 in
860 2141 916 2206 hac
934 2143 1000 2206 vita
1018 2143 1150 2206 tolerant
1168 2143 1199 2206 in

202 2241 375 2326 exemplum
390 2243 465 2329 justi
478 2240 583 2329 judicii
596 2242 657 2306 Dei
671 2293 677 2316 ,
693 2262 753 2325 quo
767 2235 918 2328 judicabit
935 2244 1080 2326 reprobos
1093 2243 1123 2305 in
1142 2245 1200 2306 fine

202 2341 318 2405 mundi.
333 2343 393 2420 Qui
413 2342 493 2406 enim
513 2342 556 2406 sic
578 2341 781 2416 horribiliter,
798 2349 830 2405 et
848 2351 952 2406 tamen
966 2344 1066 2432 juste,
1080 2343 1200 2429 judicat

202 2462 257 2505 eos
272 2441 323 2525 qui
336 2450 476 2525 peccant,
493 2449 525 2505 et
540 2441 625 2524 prius
639 2450 766 2524 peccata
780 2442 940 2525 plangunt,
955 2462 1047 2526 quam
1055 2444 1138 2530 juste
1145 2445 1197 2528 ju-

202 2541 317 2606 dicabit
336 2562 389 2605 eos
409 2542 462 2625 qui
480 2562 635 2625 nunquam
650 2543 815 2624 plangtmt,
831 2550 863 2606 et
878 2550 981 2606 tamen
997 2564 1124 2627 peccare
1137 2566 1198 2607 non

201 2642 360 2707 desinunt?
386 2679 426 2691 -
451 2643 491 2704 In
512 2640 687 2726 exemplum
699 2642 784 2725 justi
788 2641 908 2726 judicii
925 2644 994 2706 Dei.
1010 2641 1026 2727 ]
1033 2644 1093 2706 Vel
1106 2664 1199 2727 opera

201 2742 358 2806 hominum
373 2753 444 2806 sunt
459 2743 634 2826 exemplum
646 2792 652 2817 ,
665 2741 697 2803 id
710 2748 775 2815 est,
792 2742 926 2805 ostensio
942 2743 1024 2826 quod
1032 2743 1122 2806 Deus
1127 2745 1196 2828 jus-

141 2892 146 2899 .
202 2843 323 2919 tussit,
338 2843 369 2905 in
383 2844 484 2907 dando
497 2842 585 2906 bonis
595 2842 691 2915 bona,
709 2841 799 2906 malis
813 2841 907 2905 mala.
935 2878 975 2890 -
1002 2840 1087 2925 Quia
1100 2842 1200 2904 credi-

202 2954 279 3006 tum.
295 2941 306 3027 ]
321 2941 454 3006 Causam
469 2943 568 3007 reddit
582 2963 635 3007 cur
650 2941 786 3025 requiem
801 2942 917 3006 tribuat
930 2941 1009 3014 iliis;
1025 2941 1097 3023 quia
1109 2941 1195 3004 vide-

202 3038 274 3104 licet
287 3040 495 3106 testimonium
513 3041 595 3123 quod
614 3041 653 3102 de
677 3038 727 3102 die
743 3037 851 3124 judicii
866 3058 958 3121 super
977 3057 1029 3099 eos
1050 3037 1193 3119 protulit,
1236 3052 1243 3067 ·

201 3138 287 3203 velut
300 3140 338 3203 de
353 3141 420 3205 loco
435 3141 534 3205 altiori
548 3141 692 3223 loquenS,
710 3136 857 3202 creditum
876 3137 918 3200 sit
935 3138 974 3200 ab
993 3135 1063 3198 illis.
1089 3172 1133 3184 -
1156 3136 1196 3197 In

201 3237 255 3300 die
265 3238 320 3302 illo
330 3246 365 3302 in
374 3262 445 3327 quo.
460 3239 577 3326 ]0rdo.
591 3240 626 3302 In
636 3258 697 3321 quo
707 3235 812 3324 judicii
823 3234 873 3298 die
881 3245 917 3300 ut
925 3236 1067 3321 dignetur
1078 3236 1125 3321 (id
1134 3244 1193 3317 est,

202 3339 311 3423 dignos
324 3339 454 3426 judicet)
474 3339 632 3404 vocatione
649 3359 705 3401 sua
722 3358 779 3402 vos
799 3336 902 3412 Deus,
923 3357 1045 3400 oramus
1066 3357 1195 3420 semper.

202 3438 262 3502 Vel
275 3438 305 3502 in
319 3460 391 3522 quo,
409 3439 512 3515 idest,
526 3460 583 3522 pro
596 3458 656 3521 quo
669 3437 794 3502 vitando
805 3436 950 3519 periculo,
967 3457 1088 3520 semper
1100 3457 1192 3502 oran-

202 3538 276 3602 dum
299 3546 357 3603 est.

631 3822 701 3864 car.
728 3822 765 3864 11.
838 3807 842 3812 ’

252 4017 346 4104 Quod
363 4018 479 4081 dicitur
499 4019 623 4105 Deus]
651 4021 688 4083 ld
715 4025 783 4094 est,
805 4040 897 4102 super
921 4040 1027 4083 omnes
1052 4028 1194 4093 sanctos,

203 4118 256 4202 qui
278 4118 419 4189 dicuntur
440 4119 500 4196 dii,
521 4128 553 4184 et
579 4140 672 4202 supra
693 4139 783 4194 eum,
813 4119 866 4202 qui
893 4118 1002 4184 colitur
1033 4120 1131 4183 Deus.
1155 4154 1195 4167 -

202 4216 288 4280 Nam
306 4225 500 4300 mysterium.
513 4216 525 4303 ]
539 4219 723 4304 Mysterium
743 4218 913 4301 iniquitatis
931 4238 993 4281 suae
1011 4219 1042 4280 in
1060 4219 1195 4291 Nerone,

203 4325 235 4382 et
256 4317 374 4382 caeteris
392 4318 537 4381 membris
559 4317 622 4382 suis
639 4317 847 4382 Antichristus
861 4325 933 4381 tunc
948 4325 1110 4398 operatur;
1129 4316 1200 4398 quia
