<?xml version="1.0" encoding="UTF-8"?>
<!DOCTYPE html PUBLIC "-//W3C//DTD XHTML 1.0 Transitional//EN"
    "http://www.w3.org/TR/xhtml1/DTD/xhtml1-transitional.dtd">
<html xmlns="http://www.w3.org/1999/xhtml" xml:lang="en" lang="en">
 <head>
  <title>
</title>
<meta http-equiv="Content-Type" content="text/html;charset=utf-8" />
  <meta name='ocr-system' content='tesseract 3.04.00' />
  <meta name='ocr-capabilities' content='ocr_page ocr_carea ocr_par ocr_line ocrx_word'/>
</head>
<body>
  <div class='ocr_page' id='page_1' title='image "./operaquaesupers00lanfgoog_0129.png"; bbox 0 0 3184 5442; ppageno 0'>
   <div class='ocr_carea' id='block_1_1' title="bbox 498 714 1310 778">
    <p class='ocr_par' dir='ltr' id='par_1_1' title="bbox 498 714 1310 778">
     <span class='ocr_line' id='line_1_1' title="bbox 498 714 1310 778; baseline 0.016 -11"><span class='ocrx_word' id='word_1_1' title='bbox 498 728 614 769; x_wconf 72' lang='lat' dir='ltr'>uuossr:</span> <span class='ocrx_word' id='word_1_2' title='bbox 638 728 669 768; x_wconf 65' lang='lat' dir='ltr'>ra*</span> <span class='ocrx_word' id='word_1_3' title='bbox 694 729 742 769; x_wconf 80' lang='lat' dir='ltr'>nr.</span> <span class='ocrx_word' id='word_1_4' title='bbox 770 730 811 770; x_wconf 83' lang='lat' dir='ltr'>Ab</span> <span class='ocrx_word' id='word_1_5' title='bbox 835 730 925 771; x_wconf 79' lang='lat' dir='ltr'>uuna.</span> <span class='ocrx_word' id='word_1_6' title='bbox 1148 715 1211 778; x_wconf 78' lang='lat'>133</span> <span class='ocrx_word' id='word_1_7' title='bbox 1306 714 1310 719; x_wconf 60' lang='grc'><strong>’</strong></span> 
     </span>
    </p>
   </div>
   <div class='ocr_carea' id='block_1_2' title="bbox 214 865 1212 1048">
    <p class='ocr_par' dir='ltr' id='par_1_2' title="bbox 214 865 1212 1048">
     <span class='ocr_line' id='line_1_2' title="bbox 214 865 1212 955; baseline 0.011 -27"><span class='ocrx_word' id='word_1_8' title='bbox 214 874 305 929; x_wconf 83' lang='lat' dir='ltr'>vocat</span> <span class='ocrx_word' id='word_1_9' title='bbox 320 865 490 938; x_wconf 89' lang='lat' dir='ltr'>diabolum,</span> <span class='ocrx_word' id='word_1_10' title='bbox 506 868 554 929; x_wconf 90' lang='lat' dir='ltr'>vel</span> <span class='ocrx_word' id='word_1_11' title='bbox 567 866 809 930; x_wconf 72' lang='lat' dir='ltr'>incredulitatem</span> <span class='ocrx_word' id='word_1_12' title='bbox 818 917 827 946; x_wconf 90' lang='lat'>,</span> <span class='ocrx_word' id='word_1_13' title='bbox 847 891 909 952; x_wconf 89' lang='lat' dir='ltr'>quo</span> <span class='ocrx_word' id='word_1_14' title='bbox 926 871 974 933; x_wconf 89' lang='lat' dir='ltr'>vel</span> <span class='ocrx_word' id='word_1_15' title='bbox 991 894 1052 955; x_wconf 90' lang='lat' dir='ltr'>qua</span> <span class='ocrx_word' id='word_1_16' title='bbox 1071 873 1212 940; x_wconf 87' lang='lat' dir='ltr'>saliantur</span> 
     </span>
     <span class='ocr_line' id='line_1_3' title="bbox 214 965 1211 1048; baseline 0.01 -21"><span class='ocrx_word' id='word_1_17' title='bbox 214 965 365 1041; x_wconf 83' lang='lat' dir='ltr'>infideles,</span> <span class='ocrx_word' id='word_1_18' title='bbox 380 986 418 1027; x_wconf 93' lang='lat' dir='ltr'>ne</span> <span class='ocrx_word' id='word_1_19' title='bbox 429 966 554 1029; x_wconf 80' lang='lat' dir='ltr'>credant</span> <span class='ocrx_word' id='word_1_20' title='bbox 567 967 647 1048; x_wconf 91' lang='lat' dir='ltr'>quod</span> <span class='ocrx_word' id='word_1_21' title='bbox 658 968 843 1031; x_wconf 85' lang='lat' dir='ltr'>credendum</span> <span class='ocrx_word' id='word_1_22' title='bbox 859 977 916 1032; x_wconf 88' lang='lat' dir='ltr'>est.</span> <span class='ocrx_word' id='word_1_23' title='bbox 939 1006 976 1018; x_wconf 93' lang='lat'>—</span> <span class='ocrx_word' id='word_1_24' title='bbox 1000 973 1129 1035; x_wconf 81' lang='lat' dir='ltr'>Initium</span> <span class='ocrx_word' id='word_1_25' title='bbox 1137 976 1211 1037; x_wconf 81' lang='lat' dir='ltr'>snb-</span> 
     </span>
    </p>
   </div>
   <div class='ocr_carea' id='block_1_3' title="bbox 117 1063 1211 1150">
    <p class='ocr_par' dir='ltr' id='par_1_3' title="bbox 117 1063 1211 1150">
     <span class='ocr_line' id='line_1_4' title="bbox 117 1063 1211 1150; baseline 0.017 -31"><span class='ocrx_word' id='word_1_26' title='bbox 117 1110 124 1119; x_wconf 86' lang='lat'>.</span> <span class='ocrx_word' id='word_1_27' title='bbox 216 1071 356 1127; x_wconf 72' lang='lat' dir='ltr'><em>stantiae.</em></span> <span class='ocrx_word' id='word_1_28' title='bbox 372 1063 383 1148; x_wconf 65' lang='lat' dir='ltr'>i</span> <span class='ocrx_word' id='word_1_29' title='bbox 395 1065 604 1127; x_wconf 87' lang='lat' dir='ltr'>Substantiam</span> <span class='ocrx_word' id='word_1_30' title='bbox 615 1073 706 1128; x_wconf 82' lang='lat' dir='ltr'>vocat</span> <span class='ocrx_word' id='word_1_31' title='bbox 715 1066 823 1139; x_wconf 90' lang='lat' dir='ltr'>fidem;</span> <span class='ocrx_word' id='word_1_32' title='bbox 839 1068 912 1149; x_wconf 86' lang='lat' dir='ltr'>quia</span> <span class='ocrx_word' id='word_1_33' title='bbox 924 1069 990 1150; x_wconf 81' lang='lat' dir='ltr'>ipsa</span> <span class='ocrx_word' id='word_1_34' title='bbox 1006 1072 1089 1136; x_wconf 89' lang='lat' dir='ltr'>velut</span> <span class='ocrx_word' id='word_1_35' title='bbox 1102 1073 1211 1137; x_wconf 85' lang='lat' dir='ltr'>funda-</span> 
     </span>
    </p>
   </div>
   <div class='ocr_carea' id='block_1_4' title="bbox 216 1164 976 1252">
    <p class='ocr_par' dir='ltr' id='par_1_4' title="bbox 216 1164 976 1252">
     <span class='ocr_line' id='line_1_5' title="bbox 216 1164 976 1252; baseline 0.008 -25"><span class='ocrx_word' id='word_1_36' title='bbox 216 1171 352 1228; x_wconf 85' lang='lat' dir='ltr'>mentum</span> <span class='ocrx_word' id='word_1_37' title='bbox 363 1164 450 1228; x_wconf 86' lang='lat' dir='ltr'>bonis</span> <span class='ocrx_word' id='word_1_38' title='bbox 460 1165 600 1247; x_wconf 82' lang='lat' dir='ltr'><strong>operibus</strong></span> <span class='ocrx_word' id='word_1_39' title='bbox 613 1167 735 1229; x_wconf 84' lang='lat' dir='ltr'><strong>substat</strong></span> <span class='ocrx_word' id='word_1_40' title='bbox 745 1215 752 1241; x_wconf 92' lang='lat'><em>,</em></span> <span class='ocrx_word' id='word_1_41' title='bbox 764 1165 798 1228; x_wconf 92' lang='lat' dir='ltr'>id</span> <span class='ocrx_word' id='word_1_42' title='bbox 807 1174 872 1243; x_wconf 88' lang='lat' dir='ltr'>est,</span> <span class='ocrx_word' id='word_1_43' title='bbox 883 1169 976 1252; x_wconf 83' lang='lat' dir='ltr'>jacet.</span> 
     </span>
    </p>
   </div>
   <div class='ocr_carea' id='block_1_5' title="bbox 640 1491 777 1532">
    <p class='ocr_par' dir='ltr' id='par_1_5' title="bbox 640 1491 777 1532">
     <span class='ocr_line' id='line_1_6' title="bbox 640 1491 777 1532; baseline -0.007 -1"><span class='ocrx_word' id='word_1_44' title='bbox 640 1491 708 1532; x_wconf 80' lang='lat' dir='ltr'><strong>CAP.</strong></span> <span class='ocrx_word' id='word_1_45' title='bbox 735 1491 777 1531; x_wconf 81' lang='lat' dir='ltr'>tv.</span> 
     </span>
    </p>
   </div>
   <div class='ocr_carea' id='block_1_6' title="bbox 168 1659 1273 2342">
    <p class='ocr_par' dir='ltr' id='par_1_6' title="bbox 168 1659 1273 2342">
     <span class='ocr_line' id='line_1_7' title="bbox 260 1659 1213 1747; baseline 0.009 -25"><span class='ocrx_word' id='word_1_46' title='bbox 260 1663 303 1723; x_wconf 82' lang='lat' dir='ltr'>Et</span> <span class='ocrx_word' id='word_1_47' title='bbox 316 1660 440 1747; x_wconf 80' lang='lat' dir='ltr'>quidem</span> <span class='ocrx_word' id='word_1_48' title='bbox 459 1659 614 1746; x_wconf 81' lang='lat' dir='ltr'>operibus.</span> <span class='ocrx_word' id='word_1_49' title='bbox 631 1659 642 1745; x_wconf 88' lang='lat'>]</span> <span class='ocrx_word' id='word_1_50' title='bbox 660 1662 774 1725; x_wconf 84' lang='lat' dir='ltr'><strong>Probat</strong></span> <span class='ocrx_word' id='word_1_51' title='bbox 789 1662 866 1725; x_wconf 80' lang='lat' dir='ltr'>duas</span> <span class='ocrx_word' id='word_1_52' title='bbox 881 1683 950 1726; x_wconf 86' lang='lat' dir='ltr'>esse</span> <span class='ocrx_word' id='word_1_53' title='bbox 964 1665 1100 1747; x_wconf 85' lang='lat' dir='ltr'>requies,</span> <span class='ocrx_word' id='word_1_54' title='bbox 1118 1688 1213 1732; x_wconf 82' lang='lat' dir='ltr'>unam</span> 
     </span>
     <span class='ocr_line' id='line_1_8' title="bbox 217 1759 1273 1848; baseline 0.007 -25"><span class='ocrx_word' id='word_1_55' title='bbox 217 1768 389 1837; x_wconf 80' lang='lat' dir='ltr'><strong>terrenam,</strong></span> <span class='ocrx_word' id='word_1_56' title='bbox 406 1779 474 1842; x_wconf 87' lang='lat' dir='ltr'>quae</span> <span class='ocrx_word' id='word_1_57' title='bbox 487 1759 638 1841; x_wconf 88' lang='lat' dir='ltr'>promissa</span> <span class='ocrx_word' id='word_1_58' title='bbox 652 1765 701 1822; x_wconf 86' lang='lat' dir='ltr'>est</span> <span class='ocrx_word' id='word_1_59' title='bbox 717 1759 738 1822; x_wconf 92' lang='lat' dir='ltr'><strong>J</strong></span> <span class='ocrx_word' id='word_1_60' title='bbox 739 1760 833 1822; x_wconf 87' lang='lat' dir='ltr'>udaeis</span> <span class='ocrx_word' id='word_1_61' title='bbox 844 1782 851 1834; x_wconf 92' lang='lat'>;</span> <span class='ocrx_word' id='word_1_62' title='bbox 861 1760 953 1822; x_wconf 87' lang='lat' dir='ltr'>aliam</span> <span class='ocrx_word' id='word_1_63' title='bbox 961 1762 1127 1838; x_wconf 66' lang='lat' dir='ltr'>coelestem„</span> <span class='ocrx_word' id='word_1_64' title='bbox 1146 1787 1213 1848; x_wconf 89' lang='lat' dir='ltr'>quae</span> <span class='ocrx_word' id='word_1_65' title='bbox 1264 1796 1273 1807; x_wconf 92' lang='lat'>·</span> 
     </span>
     <span class='ocr_line' id='line_1_9' title="bbox 215 1859 1210 1948; baseline 0.007 -27"><span class='ocrx_word' id='word_1_66' title='bbox 215 1859 408 1948; x_wconf 79' lang='lat' dir='ltr'>promittitur</span> <span class='ocrx_word' id='word_1_67' title='bbox 420 1860 518 1921; x_wconf 90' lang='lat' dir='ltr'>nobis.</span> <span class='ocrx_word' id='word_1_68' title='bbox 527 1862 576 1922; x_wconf 87' lang='lat' dir='ltr'>&#39;Et</span> <span class='ocrx_word' id='word_1_69' title='bbox 594 1866 642 1921; x_wconf 90' lang='lat' dir='ltr'>est</span> <span class='ocrx_word' id='word_1_70' title='bbox 656 1859 830 1942; x_wconf 84' lang='lat' dir='ltr'>responsio,</span> <span class='ocrx_word' id='word_1_71' title='bbox 852 1859 940 1941; x_wconf 85' lang='lat' dir='ltr'>quasi</span> <span class='ocrx_word' id='word_1_72' title='bbox 953 1860 1061 1943; x_wconf 89' lang='lat' dir='ltr'>aliquis</span> <span class='ocrx_word' id='word_1_73' title='bbox 1075 1864 1210 1942; x_wconf 81' lang='lat' dir='ltr'>diceret:</span> 
     </span>
     <span class='ocr_line' id='line_1_10' title="bbox 218 1957 1213 2046; baseline 0.005 -24"><span class='ocrx_word' id='word_1_74' title='bbox 218 1960 322 2038; x_wconf 77' lang='lat' dir='ltr'>Quare</span> <span class='ocrx_word' id='word_1_75' title='bbox 338 1958 442 2022; x_wconf 85' lang='lat' dir='ltr'>dixisti</span> <span class='ocrx_word' id='word_1_76' title='bbox 462 1958 648 2044; x_wconf 86' lang='lat' dir='ltr'>ingredimur</span> <span class='ocrx_word' id='word_1_77' title='bbox 660 1957 692 2019; x_wconf 92' lang='lat' dir='ltr'>in</span> <span class='ocrx_word' id='word_1_78' title='bbox 709 1958 864 2041; x_wconf 84' lang='lat' dir='ltr'>requiem,</span> <span class='ocrx_word' id='word_1_79' title='bbox 883 1980 952 2022; x_wconf 87' lang='lat' dir='ltr'>cum</span> <span class='ocrx_word' id='word_1_80' title='bbox 966 1959 997 2021; x_wconf 93' lang='lat' dir='ltr'>in</span> <span class='ocrx_word' id='word_1_81' title='bbox 1012 1962 1125 2025; x_wconf 84' lang='lat' dir='ltr'>nullam</span> <span class='ocrx_word' id='word_1_82' title='bbox 1141 1985 1213 2046; x_wconf 92' lang='lat' dir='ltr'>pro-</span> 
     </span>
     <span class='ocr_line' id='line_1_11' title="bbox 216 2058 1210 2142; baseline 0.004 -19"><span class='ocrx_word' id='word_1_83' title='bbox 216 2059 367 2123; x_wconf 86' lang='lat' dir='ltr'>missionis</span> <span class='ocrx_word' id='word_1_84' title='bbox 392 2067 505 2123; x_wconf 89' lang='lat' dir='ltr'>terram</span> <span class='ocrx_word' id='word_1_85' title='bbox 531 2060 644 2122; x_wconf 88' lang='lat' dir='ltr'>intrare</span> <span class='ocrx_word' id='word_1_86' title='bbox 671 2058 758 2122; x_wconf 91' lang='lat' dir='ltr'>nobis</span> <span class='ocrx_word' id='word_1_87' title='bbox 783 2080 844 2121; x_wconf 91' lang='lat' dir='ltr'>non</span> <span class='ocrx_word' id='word_1_88' title='bbox 864 2066 1024 2142; x_wconf 82' lang='lat' dir='ltr'>tantopere</span> <span class='ocrx_word' id='word_1_89' title='bbox 1046 2063 1121 2125; x_wconf 91' lang='lat' dir='ltr'>utile</span> <span class='ocrx_word' id='word_1_90' title='bbox 1144 2063 1210 2127; x_wconf 89' lang='lat' dir='ltr'>sit.·</span> 
     </span>
     <span class='ocr_line' id='line_1_12' title="bbox 168 2157 1212 2249; baseline 0.005 -29"><span class='ocrx_word' id='word_1_91' title='bbox 168 2242 174 2249; x_wconf 29' lang='grc' dir='ltr'><strong><em>ι</em></strong></span> <span class='ocrx_word' id='word_1_92' title='bbox 216 2157 310 2232; x_wconf 86' lang='lat' dir='ltr'>Duae,</span> <span class='ocrx_word' id='word_1_93' title='bbox 336 2158 452 2241; x_wconf 90' lang='lat' dir='ltr'>inquit,</span> <span class='ocrx_word' id='word_1_94' title='bbox 480 2159 601 2241; x_wconf 88' lang='lat' dir='ltr'>requies</span> <span class='ocrx_word' id='word_1_95' title='bbox 622 2166 701 2222; x_wconf 92' lang='lat' dir='ltr'>sunt.</span> <span class='ocrx_word' id='word_1_96' title='bbox 727 2194 771 2206; x_wconf 93' lang='lat'>-</span> <span class='ocrx_word' id='word_1_97' title='bbox 794 2159 839 2220; x_wconf 86' lang='lat' dir='ltr'>Et</span> <span class='ocrx_word' id='word_1_98' title='bbox 857 2159 1043 2244; x_wconf 74' lang='lat' dir='ltr'>requierit]</span> <span class='ocrx_word' id='word_1_99' title='bbox 1068 2161 1146 2224; x_wconf 88' lang='lat' dir='ltr'>Haec</span> <span class='ocrx_word' id='word_1_100' title='bbox 1164 2170 1212 2225; x_wconf 90' lang='lat' dir='ltr'>est</span> 
     </span>
     <span class='ocr_line' id='line_1_13' title="bbox 216 2257 1213 2342; baseline 0.006 -24"><span class='ocrx_word' id='word_1_101' title='bbox 216 2257 353 2340; x_wconf 88' lang='lat' dir='ltr'>requies,</span> <span class='ocrx_word' id='word_1_102' title='bbox 371 2279 439 2341; x_wconf 87' lang='lat' dir='ltr'>quae</span> <span class='ocrx_word' id='word_1_103' title='bbox 452 2259 641 2342; x_wconf 83' lang='lat' dir='ltr'>promittitur</span> <span class='ocrx_word' id='word_1_104' title='bbox 659 2261 789 2337; x_wconf 86' lang='lat' dir='ltr'>sanctis,</span> <span class='ocrx_word' id='word_1_105' title='bbox 813 2260 955 2323; x_wconf 86' lang='lat' dir='ltr'>videlieet</span> <span class='ocrx_word' id='word_1_106' title='bbox 968 2261 1115 2337; x_wconf 79' lang='lat' dir='ltr'>ooelestiS,</span> <span class='ocrx_word' id='word_1_107' title='bbox 1134 2260 1213 2324; x_wconf 83' lang='lat' dir='ltr'>inei-</span> 
     </span>
    </p>
   </div>
   <div class='ocr_carea' id='block_1_7' title="bbox 216 2354 1214 2741">
    <p class='ocr_par' dir='ltr' id='par_1_7' title="bbox 216 2354 1214 2741">
     <span class='ocr_line' id='line_1_14' title="bbox 216 2354 1214 2445; baseline 0.006 -27"><span class='ocrx_word' id='word_1_108' title='bbox 216 2354 315 2421; x_wconf 83' lang='lat' dir='ltr'>febilis</span> <span class='ocrx_word' id='word_1_109' title='bbox 331 2358 392 2421; x_wconf 93' lang='lat' dir='ltr'>Dei</span> <span class='ocrx_word' id='word_1_110' title='bbox 408 2359 555 2422; x_wconf 76' lang='lat' dir='ltr'>suavitas,</span> <span class='ocrx_word' id='word_1_111' title='bbox 586 2395 625 2406; x_wconf 99' lang='lat'>-</span> <span class='ocrx_word' id='word_1_112' title='bbox 648 2357 816 2443; x_wconf 77' lang='lat' dir='ltr'>¹erorn‘nm</span> <span class='ocrx_word' id='word_1_113' title='bbox 839 2380 914 2444; x_wconf 80' lang='lat' dir='ltr'>ergo</span> <span class='ocrx_word' id='word_1_114' title='bbox 932 2358 1114 2445; x_wconf 68' lang='lat' dir='ltr'>superest]</span> <span class='ocrx_word' id='word_1_115' title='bbox 1133 2360 1214 2437; x_wconf 75' lang='lat' dir='ltr'>Quia</span> 
     </span>
     <span class='ocr_line' id='line_1_15' title="bbox 216 2457 1210 2542; baseline 0.003 -22"><span class='ocrx_word' id='word_1_116' title='bbox 216 2457 354 2540; x_wconf 85' lang='lat' dir='ltr'>quidam,</span> <span class='ocrx_word' id='word_1_117' title='bbox 375 2457 491 2541; x_wconf 91' lang='lat' dir='ltr'>inquit,</span> <span class='ocrx_word' id='word_1_118' title='bbox 509 2458 651 2522; x_wconf 88' lang='lat' dir='ltr'>intraturi</span> <span class='ocrx_word' id='word_1_119' title='bbox 666 2467 737 2522; x_wconf 88' lang='lat' dir='ltr'>sunt</span> <span class='ocrx_word' id='word_1_120' title='bbox 755 2459 787 2522; x_wconf 91' lang='lat' dir='ltr'>in</span> <span class='ocrx_word' id='word_1_121' title='bbox 809 2461 945 2542; x_wconf 90' lang='lat' dir='ltr'>requiem</span> <span class='ocrx_word' id='word_1_122' title='bbox 960 2457 1021 2522; x_wconf 91' lang='lat' dir='ltr'>Dei</span> <span class='ocrx_word' id='word_1_123' title='bbox 1038 2459 1210 2541; x_wconf 80' lang='lat' dir='ltr'>ooelestem,</span> 
     </span>
     <span class='ocr_line' id='line_1_16' title="bbox 217 2555 1210 2639; baseline 0.006 -22"><span class='ocrx_word' id='word_1_124' title='bbox 217 2555 291 2618; x_wconf 87' lang='lat' dir='ltr'>ethi</span> <span class='ocrx_word' id='word_1_125' title='bbox 307 2555 417 2639; x_wconf 89' lang='lat' dir='ltr'>quibus</span> <span class='ocrx_word' id='word_1_126' title='bbox 431 2557 644 2620; x_wconf 86' lang='lat' dir='ltr'>annuntiatum</span> <span class='ocrx_word' id='word_1_127' title='bbox 666 2564 714 2621; x_wconf 91' lang='lat' dir='ltr'>est</span> <span class='ocrx_word' id='word_1_128' title='bbox 737 2557 768 2618; x_wconf 93' lang='lat' dir='ltr'>in</span> <span class='ocrx_word' id='word_1_129' title='bbox 790 2557 911 2620; x_wconf 89' lang='lat' dir='ltr'>deserto</span> <span class='ocrx_word' id='word_1_130' title='bbox 929 2578 990 2620; x_wconf 92' lang='lat' dir='ltr'>non</span> <span class='ocrx_word' id='word_1_131' title='bbox 1008 2557 1210 2634; x_wconf 85' lang='lat' dir='ltr'>introierunt,</span> 
     </span>
     <span class='ocr_line' id='line_1_17' title="bbox 217 2653 1211 2741; baseline 0.003 -24"><span class='ocrx_word' id='word_1_132' title='bbox 217 2653 289 2737; x_wconf 89' lang='lat' dir='ltr'>quia</span> <span class='ocrx_word' id='word_1_133' title='bbox 303 2657 430 2721; x_wconf 92' lang='lat' dir='ltr'>verbum</span> <span class='ocrx_word' id='word_1_134' title='bbox 444 2679 504 2719; x_wconf 91' lang='lat' dir='ltr'>non</span> <span class='ocrx_word' id='word_1_135' title='bbox 519 2658 722 2721; x_wconf 86' lang='lat' dir='ltr'>crediderunt.</span> <span class='ocrx_word' id='word_1_136' title='bbox 737 2658 952 2721; x_wconf 91' lang='lat' dir='ltr'>Admonentur</span> <span class='ocrx_word' id='word_1_137' title='bbox 961 2659 1120 2741; x_wconf 77' lang='lat' dir='ltr'>praesentis</span> <span class='ocrx_word' id='word_1_138' title='bbox 1131 2665 1211 2722; x_wconf 87' lang='lat' dir='ltr'>tem-</span> 
     </span>
    </p>
   </div>
   <div class='ocr_carea' id='block_1_8' title="bbox 216 2755 1216 3633">
    <p class='ocr_par' dir='ltr' id='par_1_8' title="bbox 216 2755 1216 3633">
     <span class='ocr_line' id='line_1_18' title="bbox 216 2755 1213 2837; baseline 0.003 -20"><span class='ocrx_word' id='word_1_139' title='bbox 216 2755 299 2837; x_wconf 86' lang='lat' dir='ltr'>poris</span> <span class='ocrx_word' id='word_1_140' title='bbox 314 2757 419 2819; x_wconf 89' lang='lat' dir='ltr'>fideles</span> <span class='ocrx_word' id='word_1_141' title='bbox 424 2805 434 2836; x_wconf 89' lang='lat'>,</span> <span class='ocrx_word' id='word_1_142' title='bbox 451 2778 513 2819; x_wconf 91' lang='lat' dir='ltr'>uon</span> <span class='ocrx_word' id='word_1_143' title='bbox 528 2759 676 2820; x_wconf 87' lang='lat' dir='ltr'>obdurent</span> <span class='ocrx_word' id='word_1_144' title='bbox 695 2757 787 2820; x_wconf 86' lang='lat' dir='ltr'>corda</span> <span class='ocrx_word' id='word_1_145' title='bbox 800 2778 856 2820; x_wconf 88' lang='lat' dir='ltr'>sua</span> <span class='ocrx_word' id='word_1_146' title='bbox 870 2758 962 2820; x_wconf 88' lang='lat' dir='ltr'>verbo</span> <span class='ocrx_word' id='word_1_147' title='bbox 974 2757 1050 2833; x_wconf 83' lang='lat' dir='ltr'>Dei,</span> <span class='ocrx_word' id='word_1_148' title='bbox 1065 2757 1144 2821; x_wconf 89' lang='lat' dir='ltr'>siout</span> <span class='ocrx_word' id='word_1_149' title='bbox 1158 2760 1213 2820; x_wconf 93' lang='lat' dir='ltr'>ob-</span> 
     </span>
     <span class='ocr_line' id='line_1_19' title="bbox 217 2847 1211 2940; baseline 0 -23"><span class='ocrx_word' id='word_1_150' title='bbox 217 2853 402 2918; x_wconf 86' lang='lat' dir='ltr'>duraverunt</span> <span class='ocrx_word' id='word_1_151' title='bbox 411 2856 581 2940; x_wconf 91' lang='lat' dir='ltr'>superiores</span> <span class='ocrx_word' id='word_1_152' title='bbox 591 2847 736 2921; x_wconf 85' lang='lat' dir='ltr'>inorednli</span> <span class='ocrx_word' id='word_1_153' title='bbox 750 2881 756 2918; x_wconf 82' lang='lat' dir='ltr'>z</span> <span class='ocrx_word' id='word_1_154' title='bbox 775 2879 828 2921; x_wconf 90' lang='lat' dir='ltr'>eos</span> <span class='ocrx_word' id='word_1_155' title='bbox 838 2857 919 2920; x_wconf 91' lang='lat' dir='ltr'>enim</span> <span class='ocrx_word' id='word_1_156' title='bbox 928 2863 1019 2919; x_wconf 86' lang='lat' dir='ltr'>vocat</span> <span class='ocrx_word' id='word_1_157' title='bbox 1033 2877 1102 2919; x_wconf 84' lang='lat' dir='ltr'>oum</span> <span class='ocrx_word' id='word_1_158' title='bbox 1118 2855 1191 2919; x_wconf 78' lang='lat' dir='ltr'>doit</span> <span class='ocrx_word' id='word_1_159' title='bbox 1204 2879 1211 2917; x_wconf 75' lang='grc' dir='ltr'>ε</span> 
     </span>
     <span class='ocr_line' id='line_1_20' title="bbox 217 2951 1211 3039; baseline 0.001 -24"><span class='ocrx_word' id='word_1_160' title='bbox 217 2951 326 3016; x_wconf 82' lang='lat' dir='ltr'>Nolite</span> <span class='ocrx_word' id='word_1_161' title='bbox 349 2953 505 3017; x_wconf 85' lang='lat' dir='ltr'>obdurare</span> <span class='ocrx_word' id='word_1_162' title='bbox 535 2955 633 3018; x_wconf 81' lang='lat' dir='ltr'>eorda</span> <span class='ocrx_word' id='word_1_163' title='bbox 659 2969 782 3019; x_wconf 81' lang='lat' dir='ltr'>vestra.</span> <span class='ocrx_word' id='word_1_164' title='bbox 802 2977 851 3003; x_wconf 85' lang='lat'>·-</span> <span class='ocrx_word' id='word_1_165' title='bbox 881 2952 1090 3039; x_wconf 81' lang='lat' dir='ltr'>Quemdam.]</span> <span class='ocrx_word' id='word_1_166' title='bbox 1115 2954 1211 3018; x_wconf 81' lang='lat' dir='ltr'>Orda.</span> 
     </span>
     <span class='ocr_line' id='line_1_21' title="bbox 217 3052 1212 3138; baseline -0.001 -22"><span class='ocrx_word' id='word_1_167' title='bbox 217 3053 389 3130; x_wconf 76' lang='lat' dir='ltr'>Quemdam</span> <span class='ocrx_word' id='word_1_168' title='bbox 403 3062 473 3138; x_wconf 90' lang='lat' dir='ltr'>post</span> <span class='ocrx_word' id='word_1_169' title='bbox 489 3061 607 3119; x_wconf 89' lang='lat' dir='ltr'>tantum</span> <span class='ocrx_word' id='word_1_170' title='bbox 632 3056 778 3138; x_wconf 88' lang='lat' dir='ltr'>temporis</span> <span class='ocrx_word' id='word_1_171' title='bbox 791 3054 882 3117; x_wconf 87' lang='lat' dir='ltr'>hodie</span> <span class='ocrx_word' id='word_1_172' title='bbox 901 3054 933 3115; x_wconf 94' lang='lat' dir='ltr'>in</span> <span class='ocrx_word' id='word_1_173' title='bbox 947 3052 1050 3116; x_wconf 88' lang='lat' dir='ltr'>David</span> <span class='ocrx_word' id='word_1_174' title='bbox 1066 3053 1212 3124; x_wconf 84' lang='lat' dir='ltr'>dicendo.</span> 
     </span>
     <span class='ocr_line' id='line_1_22' title="bbox 217 3149 1215 3237; baseline -0.002 -22"><span class='ocrx_word' id='word_1_175' title='bbox 217 3151 296 3216; x_wconf 87' lang='lat' dir='ltr'>siout</span> <span class='ocrx_word' id='word_1_176' title='bbox 316 3173 409 3237; x_wconf 88' lang='lat' dir='ltr'>supra</span> <span class='ocrx_word' id='word_1_177' title='bbox 429 3153 612 3218; x_wconf 88' lang='lat' dir='ltr'>dictumest</span> <span class='ocrx_word' id='word_1_178' title='bbox 636 3175 644 3216; x_wconf 76' lang='grc' dir='ltr'><strong>ι</strong></span> <span class='ocrx_word' id='word_1_179' title='bbox 671 3152 776 3215; x_wconf 77' lang='lat' dir='ltr'>Hodie</span> <span class='ocrx_word' id='word_1_180' title='bbox 796 3160 844 3231; x_wconf 82' lang='lat' dir='ltr'>si,</span> <span class='ocrx_word' id='word_1_181' title='bbox 868 3163 927 3212; x_wconf 82' lang='lat' dir='ltr'>etc.</span> <span class='ocrx_word' id='word_1_182' title='bbox 956 3186 996 3197; x_wconf 94' lang='lat'>—</span> <span class='ocrx_word' id='word_1_183' title='bbox 1019 3149 1105 3212; x_wconf 83' lang='lat' dir='ltr'>Nam</span> <span class='ocrx_word' id='word_1_184' title='bbox 1124 3158 1155 3212; x_wconf 82' lang='lat' dir='ltr'>si</span> <span class='ocrx_word' id='word_1_185' title='bbox 1168 3158 1215 3213; x_wconf 79' lang='lat' dir='ltr'>eis</span> 
     </span>
     <span class='ocr_line' id='line_1_23' title="bbox 217 3249 1215 3337; baseline 0.001 -25"><span class='ocrx_word' id='word_1_186' title='bbox 217 3251 321 3314; x_wconf 75' lang='lat' dir='ltr'>Jesus.</span> <span class='ocrx_word' id='word_1_187' title='bbox 335 3252 347 3337; x_wconf 88' lang='lat'>]</span> <span class='ocrx_word' id='word_1_188' title='bbox 361 3253 434 3317; x_wconf 93' lang='lat' dir='ltr'>Non</span> <span class='ocrx_word' id='word_1_189' title='bbox 450 3261 495 3317; x_wconf 83' lang='lat' dir='ltr'>est</span> <span class='ocrx_word' id='word_1_190' title='bbox 512 3253 570 3317; x_wconf 90' lang='lat' dir='ltr'>iste</span> <span class='ocrx_word' id='word_1_191' title='bbox 586 3254 606 3316; x_wconf 92' lang='lat' dir='ltr'>J</span> <span class='ocrx_word' id='word_1_192' title='bbox 609 3273 678 3316; x_wconf 88' lang='lat' dir='ltr'>esus</span> <span class='ocrx_word' id='word_1_193' title='bbox 693 3253 837 3317; x_wconf 86' lang='lat' dir='ltr'>Salvator</span> <span class='ocrx_word' id='word_1_194' title='bbox 852 3249 974 3329; x_wconf 88' lang='lat' dir='ltr'>mundi,</span> <span class='ocrx_word' id='word_1_195' title='bbox 989 3250 1043 3312; x_wconf 91' lang='lat' dir='ltr'>sed</span> <span class='ocrx_word' id='word_1_196' title='bbox 1056 3250 1076 3312; x_wconf 92' lang='lat' dir='ltr'>J</span> <span class='ocrx_word' id='word_1_197' title='bbox 1078 3270 1148 3312; x_wconf 87' lang='lat' dir='ltr'>esus</span> <span class='ocrx_word' id='word_1_198' title='bbox 1162 3250 1215 3333; x_wconf 91' lang='lat' dir='ltr'>qui</span> 
     </span>
     <span class='ocr_line' id='line_1_24' title="bbox 218 3350 1215 3435; baseline 0.001 -23"><span class='ocrx_word' id='word_1_199' title='bbox 218 3350 312 3414; x_wconf 85' lang='lat' dir='ltr'>etiam</span> <span class='ocrx_word' id='word_1_200' title='bbox 326 3352 348 3414; x_wconf 92' lang='lat' dir='ltr'>J</span> <span class='ocrx_word' id='word_1_201' title='bbox 349 3371 421 3414; x_wconf 91' lang='lat' dir='ltr'>osue</span> <span class='ocrx_word' id='word_1_202' title='bbox 436 3350 620 3423; x_wconf 86' lang='lat' dir='ltr'>nominatur,</span> <span class='ocrx_word' id='word_1_203' title='bbox 640 3372 701 3435; x_wconf 91' lang='lat' dir='ltr'>quo</span> <span class='ocrx_word' id='word_1_204' title='bbox 716 3351 847 3434; x_wconf 91' lang='lat' dir='ltr'>populus</span> <span class='ocrx_word' id='word_1_205' title='bbox 862 3351 883 3413; x_wconf 92' lang='lat' dir='ltr'>J</span> <span class='ocrx_word' id='word_1_206' title='bbox 884 3351 1038 3412; x_wconf 88' lang='lat' dir='ltr'>udaeorum</span> <span class='ocrx_word' id='word_1_207' title='bbox 1049 3350 1157 3412; x_wconf 86' lang='lat' dir='ltr'>ductus</span> <span class='ocrx_word' id='word_1_208' title='bbox 1167 3357 1215 3413; x_wconf 91' lang='lat' dir='ltr'>est</span> 
     </span>
     <span class='ocr_line' id='line_1_25' title="bbox 217 3448 1213 3534; baseline 0.002 -23"><span class='ocrx_word' id='word_1_209' title='bbox 217 3448 249 3511; x_wconf 92' lang='lat' dir='ltr'>in</span> <span class='ocrx_word' id='word_1_210' title='bbox 267 3458 380 3514; x_wconf 86' lang='lat' dir='ltr'>terram</span> <span class='ocrx_word' id='word_1_211' title='bbox 398 3450 627 3534; x_wconf 89' lang='lat' dir='ltr'>promissionis;</span> <span class='ocrx_word' id='word_1_212' title='bbox 642 3451 696 3534; x_wconf 90' lang='lat' dir='ltr'>qui</span> <span class='ocrx_word' id='word_1_213' title='bbox 715 3451 741 3514; x_wconf 91' lang='lat' dir='ltr'>si</span> <span class='ocrx_word' id='word_1_214' title='bbox 761 3472 867 3515; x_wconf 85' lang='lat' dir='ltr'>veram</span> <span class='ocrx_word' id='word_1_215' title='bbox 882 3450 1018 3532; x_wconf 88' lang='lat' dir='ltr'>requiem</span> <span class='ocrx_word' id='word_1_216' title='bbox 1034 3449 1078 3512; x_wconf 91' lang='lat' dir='ltr'>eis</span> <span class='ocrx_word' id='word_1_217' title='bbox 1093 3449 1213 3532; x_wconf 85' lang='lat' dir='ltr'>praesti·</span> 
     </span>
     <span class='ocr_line' id='line_1_26' title="bbox 219 3547 1216 3633; baseline 0.001 -22"><span class='ocrx_word' id='word_1_218' title='bbox 219 3547 322 3628; x_wconf 84' lang='lat' dir='ltr'>tisset,</span> <span class='ocrx_word' id='word_1_219' title='bbox 347 3570 502 3633; x_wconf 87' lang='lat' dir='ltr'>nunquam</span> <span class='ocrx_word' id='word_1_220' title='bbox 525 3556 596 3632; x_wconf 89' lang='lat' dir='ltr'>post</span> <span class='ocrx_word' id='word_1_221' title='bbox 618 3549 720 3625; x_wconf 84' lang='lat' dir='ltr'>ibam,</span> <span class='ocrx_word' id='word_1_222' title='bbox 739 3549 798 3613; x_wconf 84' lang='lat' dir='ltr'>hac</span> <span class='ocrx_word' id='word_1_223' title='bbox 817 3549 884 3623; x_wconf 88' lang='lat' dir='ltr'>die,</span> <span class='ocrx_word' id='word_1_224' title='bbox 901 3549 932 3611; x_wconf 90' lang='lat' dir='ltr'>id</span> <span class='ocrx_word' id='word_1_225' title='bbox 948 3555 1014 3626; x_wconf 88' lang='lat' dir='ltr'>est,</span> <span class='ocrx_word' id='word_1_226' title='bbox 1030 3548 1139 3624; x_wconf 90' lang='lat' dir='ltr'>hodie,</span> <span class='ocrx_word' id='word_1_227' title='bbox 1157 3548 1216 3612; x_wconf 87' lang='lat' dir='ltr'>hoe</span> 
     </span>
    </p>
   </div>
   <div class='ocr_carea' id='block_1_9' title="bbox 219 3648 1307 3734">
    <p class='ocr_par' dir='ltr' id='par_1_9' title="bbox 219 3648 1307 3734">
     <span class='ocr_line' id='line_1_27' title="bbox 219 3648 1307 3734; baseline -0.003 -22"><span class='ocrx_word' id='word_1_228' title='bbox 219 3655 355 3732; x_wconf 89' lang='lat' dir='ltr'>tempore</span> <span class='ocrx_word' id='word_1_229' title='bbox 373 3649 477 3712; x_wconf 87' lang='lat' dir='ltr'>David</span> <span class='ocrx_word' id='word_1_230' title='bbox 492 3649 531 3711; x_wconf 89' lang='lat' dir='ltr'>de</span> <span class='ocrx_word' id='word_1_231' title='bbox 551 3649 612 3711; x_wconf 85' lang='lat' dir='ltr'>alia</span> <span class='ocrx_word' id='word_1_232' title='bbox 637 3649 821 3732; x_wconf 87' lang='lat' dir='ltr'>loqueretur.</span> <span class='ocrx_word' id='word_1_233' title='bbox 849 3685 890 3697; x_wconf 92' lang='lat'>—</span> <span class='ocrx_word' id='word_1_234' title='bbox 916 3648 1065 3734; x_wconf 83' lang='lat' dir='ltr'>Requiem</span> <span class='ocrx_word' id='word_1_235' title='bbox 1080 3656 1214 3732; x_wconf 82' lang='lat' dir='ltr'>proesti-</span> <span class='ocrx_word' id='word_1_236' title='bbox 1301 3706 1307 3721; x_wconf 79' lang='grc'><strong>,</strong></span> 
     </span>
    </p>
   </div>
   <div class='ocr_carea' id='block_1_10' title="bbox 219 3746 1216 4329">
    <p class='ocr_par' dir='ltr' id='par_1_10' title="bbox 219 3746 1216 4329">
     <span class='ocr_line' id='line_1_28' title="bbox 221 3746 1214 3833; baseline 0 -25"><span class='ocrx_word' id='word_1_237' title='bbox 221 3747 342 3833; x_wconf 73' lang='lat' dir='ltr'>risset]</span> <span class='ocrx_word' id='word_1_238' title='bbox 357 3748 405 3812; x_wconf 88' lang='lat' dir='ltr'>llli</span> <span class='ocrx_word' id='word_1_239' title='bbox 422 3747 552 3832; x_wconf 85' lang='lat' dir='ltr'>ingressi</span> <span class='ocrx_word' id='word_1_240' title='bbox 574 3754 662 3822; x_wconf 89' lang='lat' dir='ltr'>sunt,</span> <span class='ocrx_word' id='word_1_241' title='bbox 679 3748 712 3810; x_wconf 92' lang='lat' dir='ltr'>id</span> <span class='ocrx_word' id='word_1_242' title='bbox 727 3756 794 3824; x_wconf 89' lang='lat' dir='ltr'>est,</span> <span class='ocrx_word' id='word_1_243' title='bbox 815 3747 874 3811; x_wconf 85' lang='lat' dir='ltr'>illis</span> <span class='ocrx_word' id='word_1_244' title='bbox 895 3769 956 3810; x_wconf 91' lang='lat' dir='ltr'>non</span> <span class='ocrx_word' id='word_1_245' title='bbox 974 3746 1059 3810; x_wconf 89' lang='lat' dir='ltr'>dedit</span> <span class='ocrx_word' id='word_1_246' title='bbox 1079 3747 1214 3829; x_wconf 90' lang='lat' dir='ltr'>requiem</span> 
     </span>
     <span class='ocr_line' id='line_1_29' title="bbox 220 3845 1216 3930; baseline 0 -23"><span class='ocrx_word' id='word_1_247' title='bbox 220 3845 322 3921; x_wconf 86' lang='lat' dir='ltr'>illam;</span> <span class='ocrx_word' id='word_1_248' title='bbox 340 3867 413 3910; x_wconf 86' lang='lat' dir='ltr'>nam</span> <span class='ocrx_word' id='word_1_249' title='bbox 428 3846 455 3909; x_wconf 93' lang='lat' dir='ltr'>si</span> <span class='ocrx_word' id='word_1_250' title='bbox 478 3845 537 3909; x_wconf 90' lang='lat' dir='ltr'>illis</span> <span class='ocrx_word' id='word_1_251' title='bbox 559 3845 770 3930; x_wconf 75' lang='lat' dir='ltr'>prestitisset,</span> <span class='ocrx_word' id='word_1_252' title='bbox 790 3867 944 3929; x_wconf 90' lang='lat' dir='ltr'>nunquam</span> <span class='ocrx_word' id='word_1_253' title='bbox 959 3847 998 3908; x_wconf 89' lang='lat' dir='ltr'>de</span> <span class='ocrx_word' id='word_1_254' title='bbox 1019 3845 1079 3908; x_wconf 81' lang='lat' dir='ltr'>alia</span> <span class='ocrx_word' id='word_1_255' title='bbox 1098 3846 1216 3909; x_wconf 84' lang='lat' dir='ltr'>locutus</span> 
     </span>
     <span class='ocr_line' id='line_1_30' title="bbox 219 3943 1216 4029; baseline -0.002 -21"><span class='ocrx_word' id='word_1_256' title='bbox 219 3943 337 4010; x_wconf 81' lang='lat' dir='ltr'>fuisset.</span> <span class='ocrx_word' id='word_1_257' title='bbox 352 3946 413 4010; x_wconf 89' lang='lat' dir='ltr'>Vel</span> <span class='ocrx_word' id='word_1_258' title='bbox 426 3945 583 4027; x_wconf 92' lang='lat' dir='ltr'>respondit</span> <span class='ocrx_word' id='word_1_259' title='bbox 596 3967 657 4008; x_wconf 90' lang='lat' dir='ltr'>non</span> <span class='ocrx_word' id='word_1_260' title='bbox 671 3966 792 4008; x_wconf 89' lang='lat' dir='ltr'>omnem</span> <span class='ocrx_word' id='word_1_261' title='bbox 805 3945 940 4029; x_wconf 91' lang='lat' dir='ltr'>requiem</span> <span class='ocrx_word' id='word_1_262' title='bbox 953 3944 1057 4008; x_wconf 91' lang='lat' dir='ltr'>tribuit</span> <span class='ocrx_word' id='word_1_263' title='bbox 1069 3943 1112 4006; x_wconf 87' lang='lat' dir='ltr'>eis</span> <span class='ocrx_word' id='word_1_264' title='bbox 1123 3946 1145 4008; x_wconf 92' lang='lat' dir='ltr'>J</span> <span class='ocrx_word' id='word_1_265' title='bbox 1146 3965 1216 4008; x_wconf 92' lang='lat' dir='ltr'>esus</span> 
     </span>
     <span class='ocr_line' id='line_1_31' title="bbox 220 4042 1214 4130; baseline -0.003 -22"><span class='ocrx_word' id='word_1_266' title='bbox 220 4045 310 4109; x_wconf 89' lang='lat' dir='ltr'>Nave</span> <span class='ocrx_word' id='word_1_267' title='bbox 332 4044 505 4130; x_wconf 84' lang='lat' dir='ltr'>(nunquam</span> <span class='ocrx_word' id='word_1_268' title='bbox 521 4045 559 4108; x_wconf 91' lang='lat' dir='ltr'>de</span> <span class='ocrx_word' id='word_1_269' title='bbox 576 4042 664 4130; x_wconf 79' lang='lat' dir='ltr'>alia),</span> <span class='ocrx_word' id='word_1_270' title='bbox 689 4066 810 4108; x_wconf 90' lang='lat' dir='ltr'>omnem</span> <span class='ocrx_word' id='word_1_271' title='bbox 826 4044 981 4128; x_wconf 64' lang='lat' dir='ltr'>requiem,</span> <span class='ocrx_word' id='word_1_272' title='bbox 998 4044 1030 4106; x_wconf 92' lang='lat' dir='ltr'>id</span> <span class='ocrx_word' id='word_1_273' title='bbox 1046 4049 1109 4115; x_wconf 90' lang='lat' dir='ltr'>est,</span> <span class='ocrx_word' id='word_1_274' title='bbox 1133 4050 1214 4106; x_wconf 91' lang='lat' dir='ltr'>tem·</span> 
     </span>
     <span class='ocr_line' id='line_1_32' title="bbox 220 4139 1216 4231; baseline -0.005 -24"><span class='ocrx_word' id='word_1_275' title='bbox 220 4145 355 4226; x_wconf 85' lang='lat' dir='ltr'>poralem</span> <span class='ocrx_word' id='word_1_276' title='bbox 370 4153 402 4209; x_wconf 89' lang='lat' dir='ltr'>et</span> <span class='ocrx_word' id='word_1_277' title='bbox 423 4144 589 4209; x_wconf 80' lang='lat' dir='ltr'>coeiestem.</span> <span class='ocrx_word' id='word_1_278' title='bbox 618 4181 658 4193; x_wconf 98' lang='lat'><strong>—</strong></span> <span class='ocrx_word' id='word_1_279' title='bbox 682 4145 794 4231; x_wconf 81' lang='lat' dir='ltr'>Itaque</span> <span class='ocrx_word' id='word_1_280' title='bbox 814 4141 1035 4230; x_wconf 66' lang='lat' dir='ltr'>relinquerem]</span> <span class='ocrx_word' id='word_1_281' title='bbox 1056 4139 1216 4205; x_wconf 81' lang='lat' dir='ltr'>Concludit</span> 
     </span>
     <span class='ocr_line' id='line_1_33' title="bbox 220 4237 1213 4329; baseline -0.009 -22"><span class='ocrx_word' id='word_1_282' title='bbox 220 4244 305 4327; x_wconf 94' lang='lat' dir='ltr'>quod</span> <span class='ocrx_word' id='word_1_283' title='bbox 316 4245 455 4328; x_wconf 90' lang='lat' dir='ltr'>superius</span> <span class='ocrx_word' id='word_1_284' title='bbox 469 4247 665 4329; x_wconf 89' lang='lat' dir='ltr'>probabatur.</span> <span class='ocrx_word' id='word_1_285' title='bbox 683 4245 778 4323; x_wconf 80' lang='lat' dir='ltr'>Quasi</span> <span class='ocrx_word' id='word_1_286' title='bbox 795 4245 909 4308; x_wconf 80' lang='lat' dir='ltr'>diceret</span> <span class='ocrx_word' id='word_1_287' title='bbox 927 4266 933 4303; x_wconf 93' lang='lat'>:</span> <span class='ocrx_word' id='word_1_288' title='bbox 953 4240 1143 4327; x_wconf 81' lang='lat' dir='ltr'>ingredimur</span> <span class='ocrx_word' id='word_1_289' title='bbox 1156 4237 1213 4321; x_wconf 77' lang='lat' dir='ltr'>igi·</span> 
     </span>
    </p>
   </div>
   <div class='ocr_carea' id='block_1_11' title="bbox 0 0 1605 5442">
    <p class='ocr_par' dir='ltr' id='par_1_11' title="bbox 0 0 1605 5442">
     <span class='ocr_line' id='line_1_34' title="bbox 0 0 1605 5442; baseline 0 0"><span class='ocrx_word' id='word_1_290' title='bbox 0 0 1605 5442; x_wconf 95' lang='lat' dir='ltr'> </span> 
     </span>
    </p>
   </div>
  </div>
 </body>
</html>
