3184 5442
465 780 583 822 orosam
606 779 639 821 ru
663 780 712 822 nr.
738 781 779 821 ao
803 781 950 822 ooarurn.
1163 765 1204 825 65

212 917 266 1002 qui
290 938 345 1002 per
369 918 576 982 remissionem
601 927 793 1003 peccatorum
818 942 941 984 suorum
962 920 1154 1006 baptizantur
1176 927 1208 990 in

212 1017 391 1083 memoriam
409 1018 516 1083 mortis
532 1026 564 1082 et
583 1021 812 1084 resurrectionis
826 1020 958 1097 Christi,
975 1029 1119 1105 putantes
1137 1027 1209 1108 quia

213 1123 245 1182 et
257 1117 317 1202 ipsi
332 1118 527 1182 resurrecturi
539 1118 615 1182 sintl
628 1119 821 1204 Abnegaturi
831 1119 912 1183 enim
923 1129 996 1184 sunt
1008 1123 1205 1206 baptismum,

212 1223 246 1281 et
260 1218 407 1283 mutaturi
422 1218 524 1294 fidem,
539 1218 622 1300 quod
634 1214 813 1303 sacrilegum
827 1225 884 1282 est.
900 1221 931 1282 A
944 1220 1123 1302 quibusdam
1138 1225 1209 1299 dici-

215 1324 282 1393 tur,
299 1325 331 1382 et
346 1317 493 1402 scriptum
508 1317 668 1400 reperitur,
686 1316 779 1380 fuisse
794 1319 944 1401 quosdam
962 1320 1137 1403 imperitos,
1156 1326 1209 1408 qui

214 1419 442 1501 baptizarentur
456 1439 512 1503 pro
526 1418 591 1493 his,
609 1402 662 1500 qui
677 1418 716 1480 de
732 1418 788 1481 hac
802 1419 867 1482 vita
879 1419 944 1482 sine
958 1421 1109 1503 baptismo
1124 1444 1209 1487 corn-

214 1517 437 1601 migrabantur‚
449 1524 595 1602 putantes
603 1516 675 1599 quia
683 1516 753 1580 talis
769 1538 874 1581 eorum
885 1519 1055 1602 baptismus
1065 1523 1210 1604 prodesse

214 1625 319 1699 posset
333 1615 397 1693 his,
417 1616 468 1700 qui
487 1617 553 1681 sine
567 1615 719 1699 baptismo
734 1617 955 1692 moriebantur;
971 1628 1003 1683 et
1019 1623 1057 1684 ob
1073 1623 1129 1686 hoc
1143 1644 1210 1687 esse

213 1714 331 1780 dictum
346 1737 354 1778 ε
373 1715 461 1802 Quid
470 1714 604 1795 facient,
619 1722 673 1803 qui
685 1714 891 1801 baptizantur
898 1741 962 1804 pro
975 1723 1132 1784 mortuis?
1147 1724 1209 1787 Sed

214 1823 333 1880 nonest
344 1817 526 1880 credendum
537 1817 576 1880 ab
588 1815 769 1880 auctoritate
780 1817 955 1892 stultorum,
965 1820 1095 1884 voluisse
1106 1822 1210 1905 Apos-

215 1915 312 1979 tolum
326 1918 472 2000 probare‚
491 1917 573 2000 quod
594 1923 753 1999 tantopere
773 1916 855 2000 apud
876 1917 1022 2000 plurimos
1045 1920 1211 1987 habebatur

214 2015 374 2080 incertum.
401 2051 445 2066 -
467 2017 532 2079 Pro
552 2015 721 2102 mortain]
738 2017 799 2080 Pro
820 2016 965 2092 mortuiS,
987 2016 1019 2081 id
1038 2027 1100 2095 est,
1124 2024 1211 2103 quasi

215 2116 353 2180 mortuis
371 2116 550 2200 Baptismus
566 2116 648 2180 enirn
663 2119 760 2200 ligura
779 2123 827 2180 est
844 2116 961 2180 mortis.
980 2117 1065 2181 Nihil
1083 2121 1166 2185 valet
1179 2122 1211 2184 in

215 2215 367 2300 baptismo
382 2218 480 2302 figura
493 2215 612 2292 mortis,
628 2223 660 2278 et
672 2215 899 2279 resurrectionis
906 2240 914 2289 ;
927 2215 985 2279 nisi
999 2215 1100 2282 lutura
1110 2228 1206 2295 esset,

215 2322 446 2399 postmortem,
461 2337 536 2380 vera
549 2336 709 2399 corporum
723 2315 914 2379 resurrectio.
929 2317 992 2380 Sed
1008 2339 1069 2381 non
1083 2328 1131 2383 est
1142 2323 1209 2384 ina·

214 2416 262 2480 nis
272 2416 304 2479 in
315 2417 464 2494 Ecclesia,
483 2416 658 2481 constitutio
675 2416 755 2480 talis.
782 2452 827 2463 —
853 2415 893 2479 Ut
907 2416 1028 2504 quidet
1042 2418 1210 2505 baptizan-

214 2528 277 2578 tur.
291 2515 304 2602 ]
318 2517 397 2580 Item
412 2518 522 2599 probat
533 2516 625 2579 idem.
643 2515 677 2579 Si
695 2515 805 2598 inquit,
824 2518 935 2578 mortui
954 2538 1015 2580 non
1034 2529 1207 2604 resurgtmt,

215 2617 288 2700 quid
302 2615 414 2681 facient
426 2616 478 2700 qui
488 2616 681 2700 baptizantur
696 2635 750 2698 pro
764 2615 908 2679 mortuisl
922 2615 954 2678 id
972 2625 1031 2697 est,
1045 2620 1119 2682 nihil
1137 2641 1209 2704 pro-

215 2718 284 2780 dest
298 2716 463 2801 baptizari,
483 2724 519 2780 ut
532 2715 573 2780 sit
591 2715 674 2778 idern
691 2715 772 2798 quod
786 2715 896 2779 dicitur
910 2725 1034 2799 postea,
1048 2719 1073 2781 si
1088 2721 1209 2783 omnino

215 2817 326 2880 mortui
334 2838 395 2880 non
404 2823 577 2901 resurgunt,
589 2815 707 2898 utquid
719 2816 913 2898 baptizantur
924 2837 979 2900 pro
992 2817 1070 2881 illisl
1081 2820 1131 2883 vel
1142 2820 1186 2883 ita
1198 2842 1206 2880 t

215 2916 242 2980 si
255 2917 330 2980 nulli
343 2916 455 2980 mortui
468 2923 641 2999 resurgtmt,
656 2937 711 2979 nec
725 2916 873 2998 baptizati
886 2916 996 2980 mortui
1008 2941 1015 2990 ;
1030 2919 1099 2981 etsi
1112 2920 1211 3001 bapti-

215 3017 276 3081 zati
297 3017 409 3081 mortui
429 3039 490 3080 non
516 3023 691 3102 resurgunt,
713 3014 842 3098 utquid
863 3015 1071 3098 baptizantur!
1086 3019 1164 3080 Item
1184 3019 1210 3080 si

215 3116 328 3181 mortui
347 3137 407 3179 non
425 3124 602 3200 resurgrmt‚
626 3123 661 3178 ut
679 3114 802 3198 quidet
823 3134 879 3176 nos
901 3113 1105 3195 periclitamur
1128 3119 1210 3179 omni

217 3216 309 3280 haral
322 3216 353 3279 id
367 3224 426 3292 est,
443 3215 557 3280 frustra
567 3215 701 3299 patimur
713 3213 848 3298 quotidie
859 3212 1032 3295 periculam
1044 3234 1098 3297 spe
1109 3236 1210 3279 resur-

215 3317 369 3381 rectionis,
387 3318 466 3381 Item
482 3317 508 3380 si
522 3315 634 3382 mortui
648 3337 708 3379 non
723 3321 885 3398 resurgunt
899 3313 971 3396 quid
983 3312 1058 3376 mihi
1072 3316 1205 3398 prodest,

216 3418 298 3500 quod
324 3417 457 3500 pugnavi
480 3423 586 3480 contra
603 3415 717 3479 bestias
736 3414 851 3498 Ephesi
874 3421 1022 3497 quantum
1042 3415 1132 3478 horno
1152 3439 1209 3500 po-

216 3517 295 3581 testl
316 3516 401 3581 nihil.
427 3552 471 3563 —
493 3516 531 3579 Si
547 3514 714 3578 seeundum
739 3514 905 3576 hominem.
926 3512 937 3599 ]
956 3514 993 3577 Id
1013 3523 1077 3591 est,
1101 3537 1209 3581 secun·

215 3618 287 3680 dum
305 3618 387 3701 quod
404 3617 496 3680 homo
517 3615 595 3679 ferre
616 3621 728 3699 potest.
747 3614 806 3676 Aa
821 3613 954 3690 bestias,
973 3614 1010 3677 Id
1024 3622 1086 3689 est,
1104 3624 1209 3680 contra

91 3776 98 3795 ,
215 3717 358 3781 bestiales
381 3717 536 3790 homines,
566 3714 680 3798 Ephesi
704 3715 768 3777 baec
790 3734 893 3798 pugna
914 3713 1153 3797 disputationum
1178 3726 1210 3780 et

214 3818 375 3880 verborum
390 3814 587 3900 intelligenda
602 3822 660 3877 est.
686 3849 729 3860 -
753 3813 861 3876 Nolite
880 3810 999 3875 seduci.
1011 3811 1023 3897 ]
1035 3813 1139 3877 Nolite
1155 3837 1208 3879 ac·

127 3920 130 3925 '
215 3916 369 4000 quiescere
380 3914 469 3977 malis
485 3912 640 3996 colloquiis
653 3912 901 3995 persuadentium
916 3912 1003 3974 vobis
1013 3915 1209 3987 resurrectio-

214 4035 285 4078 nem
306 4035 367 4078 non
385 4034 452 4078 esse
470 4012 618 4085 futuram;
641 4011 710 4096 ipsa
735 4011 816 4074 enim
836 4011 918 4075 mala
939 4011 1088 4094 colloquia
1110 4034 1209 4077 mores

214 4116 310 4178 bonos
319 4121 523 4197 corrumpent,
534 4113 615 4195 quod
622 4112 877 4195 ibidemagenere
884 4112 1038 4193 probatur.
1059 4148 1098 4160 —
1115 4113 1210 4199 Igno-

215 4223 352 4276 rantiam
363 4212 473 4299 anina]
489 4213 585 4290 Quasi
601 4212 737 4275 diceret:
755 4212 866 4274 Moneo
881 4233 937 4274 vos
948 4210 1086 4295 vigilare,
1105 4220 1137 4274 et
1148 4236 1208 4276 non

214 4334 357 4396 peccare;
376 4335 415 4377 ne
426 4312 585 4378 imitemini
599 4333 650 4376 eos
662 4311 714 4394 qui
729 4312 871 4394 ignorant
881 4313 997 4375 Deum.
1025 4347 1070 4359 -
1092 4311 1150 4372 Aa
1157 4335 1207 4372 re—

1084 4417 1101 4460 a
