<?xml version="1.0" encoding="UTF-8"?>
<!DOCTYPE html PUBLIC "-//W3C//DTD XHTML 1.0 Transitional//EN"
    "http://www.w3.org/TR/xhtml1/DTD/xhtml1-transitional.dtd">
<html xmlns="http://www.w3.org/1999/xhtml" xml:lang="en" lang="en">
 <head>
  <title>
</title>
<meta http-equiv="Content-Type" content="text/html;charset=utf-8" />
  <meta name='ocr-system' content='tesseract 3.04.00' />
  <meta name='ocr-capabilities' content='ocr_page ocr_carea ocr_par ocr_line ocrx_word'/>
</head>
<body>
  <div class='ocr_page' id='page_1' title='image "./operaquaesupers00lanfgoog_0088.png"; bbox 0 0 3184 5442; ppageno 0'>
   <div class='ocr_carea' id='block_1_1' title="bbox 428 747 1037 809">
    <p class='ocr_par' dir='ltr' id='par_1_1' title="bbox 428 747 1037 809">
     <span class='ocr_line' id='line_1_1' title="bbox 428 747 1037 809; baseline 0.003 -9"><span class='ocrx_word' id='word_1_1' title='bbox 428 747 472 809; x_wconf 77' lang='lat'>92</span> <span class='ocrx_word' id='word_1_2' title='bbox 806 762 835 803; x_wconf 89' lang='lat' dir='ltr'>n.</span> <span class='ocrx_word' id='word_1_3' title='bbox 864 762 1037 804; x_wconf 78' lang='lat' dir='ltr'>mxrmncr</span> 
     </span>
    </p>
   </div>
   <div class='ocr_carea' id='block_1_2' title="bbox 424 895 1424 3374">
    <p class='ocr_par' dir='ltr' id='par_1_2' title="bbox 424 895 1424 3374">
     <span class='ocr_line' id='line_1_2' title="bbox 427 895 1423 977; baseline 0.001 -11"><span class='ocrx_word' id='word_1_4' title='bbox 427 903 594 975; x_wconf 87' lang='lat' dir='ltr'>hominum.</span> <span class='ocrx_word' id='word_1_5' title='bbox 617 909 649 966; x_wconf 89' lang='lat' dir='ltr'>et</span> <span class='ocrx_word' id='word_1_6' title='bbox 665 901 804 974; x_wconf 86' lang='lat' dir='ltr'>Christus</span> <span class='ocrx_word' id='word_1_7' title='bbox 829 912 889 976; x_wconf 85' lang='lat' dir='ltr'>est,</span> <span class='ocrx_word' id='word_1_8' title='bbox 913 901 1094 965; x_wconf 81' lang='lat' dir='ltr'>videbantur</span> <span class='ocrx_word' id='word_1_9' title='bbox 1117 920 1185 964; x_wconf 90' lang='lat' dir='ltr'>esse</span> <span class='ocrx_word' id='word_1_10' title='bbox 1207 902 1268 964; x_wconf 85' lang='lat' dir='ltr'>duo</span> <span class='ocrx_word' id='word_1_11' title='bbox 1288 895 1342 977; x_wconf 89' lang='lat' dir='ltr'>dii,</span> <span class='ocrx_word' id='word_1_12' title='bbox 1366 904 1423 967; x_wconf 92' lang='lat' dir='ltr'>sed</span> 
     </span>
     <span class='ocr_line' id='line_1_3' title="bbox 426 999 1420 1085; baseline 0.002 -19"><span class='ocrx_word' id='word_1_13' title='bbox 426 1003 507 1066; x_wconf 83' lang='lat' dir='ltr'>absit</span> <span class='ocrx_word' id='word_1_14' title='bbox 521 1002 630 1067; x_wconf 89' lang='lat' dir='ltr'>:Unus</span> <span class='ocrx_word' id='word_1_15' title='bbox 645 1002 726 1064; x_wconf 92' lang='lat' dir='ltr'>enim</span> <span class='ocrx_word' id='word_1_16' title='bbox 741 1002 839 1075; x_wconf 89' lang='lat' dir='ltr'>Deus,</span> <span class='ocrx_word' id='word_1_17' title='bbox 855 1001 960 1076; x_wconf 80' lang='lat' dir='ltr'>Pater,</span> <span class='ocrx_word' id='word_1_18' title='bbox 975 1009 1008 1064; x_wconf 89' lang='lat' dir='ltr'>et</span> <span class='ocrx_word' id='word_1_19' title='bbox 1018 999 1126 1075; x_wconf 85' lang='lat' dir='ltr'>Filius,</span> <span class='ocrx_word' id='word_1_20' title='bbox 1141 1007 1174 1063; x_wconf 87' lang='lat' dir='ltr'>et</span> <span class='ocrx_word' id='word_1_21' title='bbox 1184 999 1318 1085; x_wconf 86' lang='lat' dir='ltr'>Spiritus</span> <span class='ocrx_word' id='word_1_22' title='bbox 1332 1023 1420 1068; x_wconf 80' lang='lat' dir='ltr'>sanc-</span> 
     </span>
     <span class='ocr_line' id='line_1_4' title="bbox 426 1097 1423 1188; baseline 0 -22"><span class='ocrx_word' id='word_1_23' title='bbox 426 1110 488 1166; x_wconf 89' lang='lat' dir='ltr'>tus.</span> <span class='ocrx_word' id='word_1_24' title='bbox 513 1136 558 1150; x_wconf 93' lang='lat'>-</span> <span class='ocrx_word' id='word_1_25' title='bbox 579 1101 649 1163; x_wconf 79' lang='lat' dir='ltr'>Lex</span> <span class='ocrx_word' id='word_1_26' title='bbox 664 1123 739 1188; x_wconf 84' lang='lat' dir='ltr'>crgo</span> <span class='ocrx_word' id='word_1_27' title='bbox 754 1099 905 1162; x_wconf 77' lang='lat' dir='ltr'>adversus</span> <span class='ocrx_word' id='word_1_28' title='bbox 920 1107 1083 1185; x_wconf 65' lang='lat' dir='ltr'>promissa</span> <span class='ocrx_word' id='word_1_29' title='bbox 1101 1098 1175 1161; x_wconf 83' lang='lat' dir='ltr'>Dei.</span> <span class='ocrx_word' id='word_1_30' title='bbox 1190 1097 1202 1185; x_wconf 87' lang='lat'>]</span> <span class='ocrx_word' id='word_1_31' title='bbox 1216 1099 1296 1164; x_wconf 83' lang='lat' dir='ltr'><strong>Item</strong></span> <span class='ocrx_word' id='word_1_32' title='bbox 1311 1104 1423 1185; x_wconf 78' lang='lat' dir='ltr'>probet</span> 
     </span>
     <span class='ocr_line' id='line_1_5' title="bbox 426 1197 1421 1284; baseline 0.001 -19"><span class='ocrx_word' id='word_1_33' title='bbox 426 1202 509 1284; x_wconf 90' lang='lat' dir='ltr'>quod</span> <span class='ocrx_word' id='word_1_34' title='bbox 530 1201 579 1264; x_wconf 88' lang='lat' dir='ltr'>lex</span> <span class='ocrx_word' id='word_1_35' title='bbox 608 1222 668 1265; x_wconf 93' lang='lat' dir='ltr'>non</span> <span class='ocrx_word' id='word_1_36' title='bbox 691 1202 745 1265; x_wconf 81' lang='lat' dir='ltr'>dat</span> <span class='ocrx_word' id='word_1_37' title='bbox 770 1198 998 1274; x_wconf 63' lang='lat' dir='ltr'>haereditatem,</span> <span class='ocrx_word' id='word_1_38' title='bbox 1024 1198 1072 1262; x_wconf 90' lang='lat' dir='ltr'>vel</span> <span class='ocrx_word' id='word_1_39' title='bbox 1095 1197 1340 1281; x_wconf 83' lang='lat' dir='ltr'>promissionem,</span> <span class='ocrx_word' id='word_1_40' title='bbox 1370 1203 1421 1266; x_wconf 86' lang='lat' dir='ltr'>rel</span> 
     </span>
     <span class='ocr_line' id='line_1_6' title="bbox 425 1296 1424 1381; baseline 0.003 -19"><span class='ocrx_word' id='word_1_41' title='bbox 425 1300 666 1365; x_wconf 79' lang='lat' dir='ltr'>benedictionem</span> <span class='ocrx_word' id='word_1_42' title='bbox 679 1323 686 1362; x_wconf 77' lang='grc' dir='ltr'><strong><em>ε</em></strong></span> <span class='ocrx_word' id='word_1_43' title='bbox 699 1321 772 1363; x_wconf 84' lang='lat' dir='ltr'>nam</span> <span class='ocrx_word' id='word_1_44' title='bbox 790 1299 818 1362; x_wconf 91' lang='lat' dir='ltr'>si</span> <span class='ocrx_word' id='word_1_45' title='bbox 833 1299 882 1362; x_wconf 86' lang='lat' dir='ltr'>lex</span> <span class='ocrx_word' id='word_1_46' title='bbox 899 1298 1004 1373; x_wconf 81' lang='lat' dir='ltr'>daret,</span> <span class='ocrx_word' id='word_1_47' title='bbox 1024 1297 1197 1381; x_wconf 79' lang='lat' dir='ltr'>promissio,</span> <span class='ocrx_word' id='word_1_48' title='bbox 1213 1296 1246 1361; x_wconf 89' lang='lat' dir='ltr'>id</span> <span class='ocrx_word' id='word_1_49' title='bbox 1263 1307 1322 1376; x_wconf 87' lang='lat' dir='ltr'>est,</span> <span class='ocrx_word' id='word_1_50' title='bbox 1346 1301 1424 1365; x_wconf 86' lang='lat' dir='ltr'>fides</span> 
     </span>
     <span class='ocr_line' id='line_1_7' title="bbox 424 1396 1423 1481; baseline -0.001 -18"><span class='ocrx_word' id='word_1_51' title='bbox 424 1420 486 1463; x_wconf 93' lang='lat' dir='ltr'>non</span> <span class='ocrx_word' id='word_1_52' title='bbox 500 1400 604 1473; x_wconf 61' lang='lat' dir='ltr'>durem</span> <span class='ocrx_word' id='word_1_53' title='bbox 618 1400 673 1462; x_wconf 91' lang='lat' dir='ltr'>sed</span> <span class='ocrx_word' id='word_1_54' title='bbox 690 1397 852 1481; x_wconf 80' lang='lat' dir='ltr'><strong>promissio</strong></span> <span class='ocrx_word' id='word_1_55' title='bbox 873 1404 993 1461; x_wconf 84' lang='lat' dir='ltr'>tantum</span> <span class='ocrx_word' id='word_1_56' title='bbox 1005 1396 1089 1461; x_wconf 83' lang='lat' dir='ltr'><strong>dedit</strong></span> <span class='ocrx_word' id='word_1_57' title='bbox 1103 1396 1239 1461; x_wconf 86' lang='lat' dir='ltr'>Abrahae</span> <span class='ocrx_word' id='word_1_58' title='bbox 1258 1396 1423 1462; x_wconf 74' lang='lat' dir='ltr'>haeredito-</span> 
     </span>
     <span class='ocr_line' id='line_1_8' title="bbox 425 1495 1422 1585; baseline -0.004 -23"><span class='ocrx_word' id='word_1_59' title='bbox 425 1508 488 1562; x_wconf 87' lang='lat' dir='ltr'>tem</span> <span class='ocrx_word' id='word_1_60' title='bbox 501 1523 509 1573; x_wconf 90' lang='grc'><strong>;</strong></span> <span class='ocrx_word' id='word_1_61' title='bbox 523 1520 595 1583; x_wconf 85' lang='lat' dir='ltr'>ergo</span> <span class='ocrx_word' id='word_1_62' title='bbox 619 1497 670 1562; x_wconf 91' lang='lat' dir='ltr'>lex</span> <span class='ocrx_word' id='word_1_63' title='bbox 687 1519 748 1561; x_wconf 93' lang='lat' dir='ltr'>non</span> <span class='ocrx_word' id='word_1_64' title='bbox 774 1499 828 1561; x_wconf 85' lang='lat' dir='ltr'>dat</span> <span class='ocrx_word' id='word_1_65' title='bbox 846 1496 1074 1575; x_wconf 71' lang='lat' dir='ltr'>hereditatem:</span> <span class='ocrx_word' id='word_1_66' title='bbox 1088 1496 1170 1580; x_wconf 93' lang='lat' dir='ltr'>quod</span> <span class='ocrx_word' id='word_1_67' title='bbox 1188 1506 1254 1572; x_wconf 87' lang='lat' dir='ltr'>est,</span> <span class='ocrx_word' id='word_1_68' title='bbox 1272 1495 1325 1559; x_wconf 79' lang='lat' dir='ltr'>lex</span> <span class='ocrx_word' id='word_1_69' title='bbox 1344 1520 1422 1585; x_wconf 80' lang='lat' dir='ltr'>ergo</span> 
     </span>
     <span class='ocr_line' id='line_1_9' title="bbox 424 1593 1422 1684; baseline 0 -25"><span class='ocrx_word' id='word_1_70' title='bbox 424 1597 575 1661; x_wconf 76' lang='lat' dir='ltr'>adversus</span> <span class='ocrx_word' id='word_1_71' title='bbox 592 1605 755 1683; x_wconf 70' lang='lat' dir='ltr'>promissa</span> <span class='ocrx_word' id='word_1_72' title='bbox 780 1596 867 1658; x_wconf 79' lang='lat' dir='ltr'>Deii’</span> <span class='ocrx_word' id='word_1_73' title='bbox 892 1630 932 1642; x_wconf 94' lang='lat'>-</span> <span class='ocrx_word' id='word_1_74' title='bbox 956 1594 995 1656; x_wconf 83' lang='lat' dir='ltr'>Si</span> <span class='ocrx_word' id='word_1_75' title='bbox 1016 1603 1099 1656; x_wconf 86' lang='lat' dir='ltr'>enim</span> <span class='ocrx_word' id='word_1_76' title='bbox 1122 1593 1200 1656; x_wconf 83' lang='lat' dir='ltr'>doto</span> <span class='ocrx_word' id='word_1_77' title='bbox 1217 1608 1300 1658; x_wconf 79' lang='lat' dir='ltr'>esset</span> <span class='ocrx_word' id='word_1_78' title='bbox 1325 1595 1422 1684; x_wconf 76' lang='lat' dir='ltr'>lex]</span> 
     </span>
     <span class='ocr_line' id='line_1_10' title="bbox 424 1694 1421 1781; baseline 0.004 -21"><span class='ocrx_word' id='word_1_79' title='bbox 424 1697 502 1762; x_wconf 88' lang='lat' dir='ltr'><strong>Item</strong></span> <span class='ocrx_word' id='word_1_80' title='bbox 524 1699 644 1781; x_wconf 84' lang='lat' dir='ltr'>probat.</span> <span class='ocrx_word' id='word_1_81' title='bbox 656 1699 723 1762; x_wconf 86' lang='lat' dir='ltr'>Lex</span> <span class='ocrx_word' id='word_1_82' title='bbox 745 1718 807 1761; x_wconf 90' lang='lat' dir='ltr'>non</span> <span class='ocrx_word' id='word_1_83' title='bbox 822 1696 875 1760; x_wconf 82' lang='lat' dir='ltr'>dat</span> <span class='ocrx_word' id='word_1_84' title='bbox 888 1695 1116 1770; x_wconf 81' lang='lat' dir='ltr'>hoereditatem,</span> <span class='ocrx_word' id='word_1_85' title='bbox 1131 1694 1204 1779; x_wconf 82' lang='lat' dir='ltr'>quia</span> <span class='ocrx_word' id='word_1_86' title='bbox 1217 1716 1276 1759; x_wconf 92' lang='lat' dir='ltr'>non</span> <span class='ocrx_word' id='word_1_87' title='bbox 1297 1697 1352 1761; x_wconf 81' lang='lat' dir='ltr'>det</span> <span class='ocrx_word' id='word_1_88' title='bbox 1371 1699 1421 1764; x_wconf 90' lang='lat' dir='ltr'>vi-</span> 
     </span>
     <span class='ocr_line' id='line_1_11' title="bbox 424 1794 1420 1882; baseline -0.004 -20"><span class='ocrx_word' id='word_1_89' title='bbox 424 1806 507 1872; x_wconf 79' lang='lat' dir='ltr'>tum3</span> <span class='ocrx_word' id='word_1_90' title='bbox 524 1798 596 1881; x_wconf 84' lang='lat' dir='ltr'>quia</span> <span class='ocrx_word' id='word_1_91' title='bbox 609 1797 636 1862; x_wconf 92' lang='lat' dir='ltr'>si</span> <span class='ocrx_word' id='word_1_92' title='bbox 655 1798 707 1860; x_wconf 89' lang='lat' dir='ltr'>lex</span> <span class='ocrx_word' id='word_1_93' title='bbox 721 1797 809 1860; x_wconf 83' lang='lat' dir='ltr'>daret</span> <span class='ocrx_word' id='word_1_94' title='bbox 830 1795 938 1870; x_wconf 75' lang='lat' dir='ltr'>vitam,</span> <span class='ocrx_word' id='word_1_95' title='bbox 959 1795 1047 1858; x_wconf 80' lang='lat' dir='ltr'>deret</span> <span class='ocrx_word' id='word_1_96' title='bbox 1069 1802 1101 1858; x_wconf 91' lang='lat' dir='ltr'>et</span> <span class='ocrx_word' id='word_1_97' title='bbox 1119 1794 1272 1881; x_wconf 85' lang='lat' dir='ltr'>justitiam</span> <span class='ocrx_word' id='word_1_98' title='bbox 1289 1797 1322 1882; x_wconf 84' lang='lat' dir='ltr'>(a</span> <span class='ocrx_word' id='word_1_99' title='bbox 1339 1796 1420 1881; x_wconf 70' lang='lat' dir='ltr'>peri)</span> 
     </span>
     <span class='ocr_line' id='line_1_12' title="bbox 425 1894 1423 1983; baseline 0.001 -24"><span class='ocrx_word' id='word_1_100' title='bbox 425 1897 552 1961; x_wconf 91' lang='lat' dir='ltr'>sednon</span> <span class='ocrx_word' id='word_1_101' title='bbox 566 1898 620 1961; x_wconf 77' lang='lat' dir='ltr'>dut</span> <span class='ocrx_word' id='word_1_102' title='bbox 635 1896 786 1983; x_wconf 82' lang='lat' dir='ltr'>justitiam</span> <span class='ocrx_word' id='word_1_103' title='bbox 800 1919 806 1960; x_wconf 94' lang='lat'>:</span> <span class='ocrx_word' id='word_1_104' title='bbox 820 1895 893 1979; x_wconf 86' lang='lat' dir='ltr'>quia</span> <span class='ocrx_word' id='word_1_105' title='bbox 906 1894 1011 1958; x_wconf 80' lang='lat' dir='ltr'>omnia</span> <span class='ocrx_word' id='word_1_106' title='bbox 1030 1901 1102 1958; x_wconf 88' lang='lat' dir='ltr'>sunt</span> <span class='ocrx_word' id='word_1_107' title='bbox 1121 1896 1177 1957; x_wconf 93' lang='lat' dir='ltr'>sub</span> <span class='ocrx_word' id='word_1_108' title='bbox 1202 1904 1329 1977; x_wconf 84' lang='lat' dir='ltr'>peccato</span> <span class='ocrx_word' id='word_1_109' title='bbox 1337 1897 1423 1978; x_wconf 81' lang='lat' dir='ltr'>opud</span> 
     </span>
     <span class='ocr_line' id='line_1_13' title="bbox 426 1992 1423 2080; baseline 0 -21"><span class='ocrx_word' id='word_1_110' title='bbox 426 1996 561 2071; x_wconf 88' lang='lat' dir='ltr'>Judaeos,</span> <span class='ocrx_word' id='word_1_111' title='bbox 580 1995 652 2080; x_wconf 87' lang='lat' dir='ltr'>quia</span> <span class='ocrx_word' id='word_1_112' title='bbox 665 1996 817 2079; x_wconf 85' lang='lat' dir='ltr'>scriptura</span> <span class='ocrx_word' id='word_1_113' title='bbox 828 1994 920 2058; x_wconf 86' lang='lat' dir='ltr'>dicit:</span> <span class='ocrx_word' id='word_1_114' title='bbox 936 2013 1008 2077; x_wconf 86' lang='lat' dir='ltr'>ergo</span> <span class='ocrx_word' id='word_1_115' title='bbox 1019 1992 1070 2056; x_wconf 90' lang='lat' dir='ltr'>lex</span> <span class='ocrx_word' id='word_1_116' title='bbox 1092 2015 1153 2056; x_wconf 93' lang='lat' dir='ltr'>non</span> <span class='ocrx_word' id='word_1_117' title='bbox 1167 1994 1380 2080; x_wconf 85' lang='lat' dir='ltr'>datjustitiam</span> <span class='ocrx_word' id='word_1_118' title='bbox 1390 1995 1423 2078; x_wconf 80' lang='lat' dir='ltr'>(a</span> 
     </span>
     <span class='ocr_line' id='line_1_14' title="bbox 425 2089 1418 2178; baseline 0.002 -24"><span class='ocrx_word' id='word_1_119' title='bbox 425 2089 1418 2178; x_wconf 66' lang='lat' dir='ltr'>relatione)‚ergonecvitum(spanhergoneohoereditntemdnt,</span> 
     </span>
     <span class='ocr_line' id='line_1_15' title="bbox 424 2190 1419 2276; baseline 0.003 -24"><span class='ocrx_word' id='word_1_120' title='bbox 424 2191 486 2254; x_wconf 85' lang='lat' dir='ltr'>lex.</span> <span class='ocrx_word' id='word_1_121' title='bbox 501 2195 585 2276; x_wconf 88' lang='lat' dir='ltr'>Ergo</span> <span class='ocrx_word' id='word_1_122' title='bbox 597 2193 754 2274; x_wconf 91' lang='lat' dir='ltr'>perfidem</span> <span class='ocrx_word' id='word_1_123' title='bbox 765 2199 885 2255; x_wconf 82' lang='lat' dir='ltr'>tuntum</span> <span class='ocrx_word' id='word_1_124' title='bbox 899 2192 988 2255; x_wconf 87' lang='lat' dir='ltr'>datur</span> <span class='ocrx_word' id='word_1_125' title='bbox 999 2190 1230 2270; x_wconf 52' lang='lat' dir='ltr'>benediceret</span> <span class='ocrx_word' id='word_1_126' title='bbox 1245 2190 1419 2273; x_wconf 82' lang='lat' dir='ltr'>promissio,</span> 
     </span>
     <span class='ocr_line' id='line_1_16' title="bbox 424 2289 1421 2374; baseline 0.003 -23"><span class='ocrx_word' id='word_1_127' title='bbox 424 2289 474 2352; x_wconf 89' lang='lat' dir='ltr'>vel</span> <span class='ocrx_word' id='word_1_128' title='bbox 485 2291 670 2366; x_wconf 78' lang='lat' dir='ltr'>benedictio,</span> <span class='ocrx_word' id='word_1_129' title='bbox 685 2291 735 2355; x_wconf 90' lang='lat' dir='ltr'>vel</span> <span class='ocrx_word' id='word_1_130' title='bbox 746 2291 829 2354; x_wconf 87' lang='lat' dir='ltr'>vita:</span> <span class='ocrx_word' id='word_1_131' title='bbox 845 2291 983 2354; x_wconf 88' lang='lat' dir='ltr'>omnibus</span> <span class='ocrx_word' id='word_1_132' title='bbox 994 2291 1044 2355; x_wconf 89' lang='lat' dir='ltr'>his</span> <span class='ocrx_word' id='word_1_133' title='bbox 1054 2290 1167 2355; x_wconf 87' lang='lat' dir='ltr'>etenim</span> <span class='ocrx_word' id='word_1_134' title='bbox 1179 2291 1275 2355; x_wconf 87' lang='lat' dir='ltr'>utitur</span> <span class='ocrx_word' id='word_1_135' title='bbox 1287 2299 1323 2356; x_wconf 91' lang='lat' dir='ltr'>ut</span> <span class='ocrx_word' id='word_1_136' title='bbox 1337 2292 1421 2374; x_wconf 85' lang='lat' dir='ltr'>pari-</span> 
     </span>
     <span class='ocr_line' id='line_1_17' title="bbox 424 2387 1422 2476; baseline 0.005 -25"><span class='ocrx_word' id='word_1_137' title='bbox 424 2390 491 2452; x_wconf 86' lang='lat' dir='ltr'>bus.</span> <span class='ocrx_word' id='word_1_138' title='bbox 520 2424 560 2437; x_wconf 94' lang='lat'>·-</span> <span class='ocrx_word' id='word_1_139' title='bbox 584 2387 651 2450; x_wconf 86' lang='lat' dir='ltr'>Sed</span> <span class='ocrx_word' id='word_1_140' title='bbox 659 2389 812 2451; x_wconf 77' lang='lat' dir='ltr'>conclusit</span> <span class='ocrx_word' id='word_1_141' title='bbox 820 2389 1179 2476; x_wconf 80' lang='lat' dir='ltr'>scripturo.]Conctusit</span> <span class='ocrx_word' id='word_1_142' title='bbox 1189 2388 1239 2453; x_wconf 94' lang='lat' dir='ltr'>lex</span> <span class='ocrx_word' id='word_1_143' title='bbox 1251 2390 1354 2454; x_wconf 82' lang='lat' dir='ltr'>omnin</span> <span class='ocrx_word' id='word_1_144' title='bbox 1365 2394 1422 2456; x_wconf 91' lang='lat' dir='ltr'>sub</span> 
     </span>
     <span class='ocr_line' id='line_1_18' title="bbox 424 2487 1418 2573; baseline 0.005 -23"><span class='ocrx_word' id='word_1_145' title='bbox 424 2496 567 2571; x_wconf 81' lang='lat' dir='ltr'>peccato:</span> <span class='ocrx_word' id='word_1_146' title='bbox 579 2489 627 2551; x_wconf 91' lang='lat' dir='ltr'>vel</span> <span class='ocrx_word' id='word_1_147' title='bbox 638 2488 710 2573; x_wconf 87' lang='lat' dir='ltr'>quia</span> <span class='ocrx_word' id='word_1_148' title='bbox 716 2487 850 2572; x_wconf 86' lang='lat' dir='ltr'>perfecte</span> <span class='ocrx_word' id='word_1_149' title='bbox 857 2489 972 2553; x_wconf 92' lang='lat' dir='ltr'>nullum</span> <span class='ocrx_word' id='word_1_150' title='bbox 979 2489 1092 2553; x_wconf 81' lang='lat' dir='ltr'>malum</span> <span class='ocrx_word' id='word_1_151' title='bbox 1099 2489 1418 2573; x_wconf 80' lang='lat' dir='ltr'>liberavitapeccnto:</span> 
     </span>
     <span class='ocr_line' id='line_1_19' title="bbox 424 2586 1417 2672; baseline 0.006 -23"><span class='ocrx_word' id='word_1_152' title='bbox 424 2587 474 2650; x_wconf 85' lang='lat' dir='ltr'>vel</span> <span class='ocrx_word' id='word_1_153' title='bbox 489 2590 671 2670; x_wconf 81' lang='lat' dir='ltr'>quintamen</span> <span class='ocrx_word' id='word_1_154' title='bbox 679 2586 810 2653; x_wconf 87' lang='lat' dir='ltr'>difficilis</span> <span class='ocrx_word' id='word_1_155' title='bbox 820 2588 893 2652; x_wconf 82' lang='lat' dir='ltr'>data</span> <span class='ocrx_word' id='word_1_156' title='bbox 901 2597 963 2664; x_wconf 89' lang='lat' dir='ltr'>est;</span> <span class='ocrx_word' id='word_1_157' title='bbox 974 2598 1084 2654; x_wconf 88' lang='lat' dir='ltr'>etcum</span> <span class='ocrx_word' id='word_1_158' title='bbox 1094 2589 1214 2672; x_wconf 91' lang='lat' dir='ltr'>impleri</span> <span class='ocrx_word' id='word_1_159' title='bbox 1224 2610 1287 2652; x_wconf 92' lang='lat' dir='ltr'>non</span> <span class='ocrx_word' id='word_1_160' title='bbox 1297 2599 1417 2672; x_wconf 86' lang='lat' dir='ltr'>posset.</span> 
     </span>
     <span class='ocr_line' id='line_1_20' title="bbox 424 2687 1423 2774; baseline 0.002 -25"><span class='ocrx_word' id='word_1_161' title='bbox 424 2687 671 2771; x_wconf 73' lang='lat' dir='ltr'>praevaricatores</span> <span class='ocrx_word' id='word_1_162' title='bbox 680 2709 785 2753; x_wconf 88' lang='lat' dir='ltr'>omnes</span> <span class='ocrx_word' id='word_1_163' title='bbox 794 2689 1003 2753; x_wconf 87' lang='lat' dir='ltr'>constitueret.</span> <span class='ocrx_word' id='word_1_164' title='bbox 1029 2726 1071 2737; x_wconf 90' lang='lat'><em>-</em></span> <span class='ocrx_word' id='word_1_165' title='bbox 1099 2687 1289 2752; x_wconf 75' lang='lat' dir='ltr'>Conclusir&#39;n</span> <span class='ocrx_word' id='word_1_166' title='bbox 1302 2690 1423 2774; x_wconf 82' lang='lat' dir='ltr'>comfi-</span> 
     </span>
     <span class='ocr_line' id='line_1_21' title="bbox 425 2786 1422 2874; baseline 0.004 -25"><span class='ocrx_word' id='word_1_167' title='bbox 425 2786 508 2849; x_wconf 84' lang='lat' dir='ltr'>dem.</span> <span class='ocrx_word' id='word_1_168' title='bbox 517 2786 529 2874; x_wconf 92' lang='lat'>]</span> <span class='ocrx_word' id='word_1_169' title='bbox 538 2786 692 2864; x_wconf 88' lang='lat' dir='ltr'>Conclusi,</span> <span class='ocrx_word' id='word_1_170' title='bbox 701 2789 734 2852; x_wconf 93' lang='lat' dir='ltr'>id</span> <span class='ocrx_word' id='word_1_171' title='bbox 748 2797 807 2866; x_wconf 84' lang='lat' dir='ltr'>est,</span> <span class='ocrx_word' id='word_1_172' title='bbox 821 2790 977 2855; x_wconf 84' lang='lat' dir='ltr'>constricti</span> <span class='ocrx_word' id='word_1_173' title='bbox 988 2789 1096 2854; x_wconf 90' lang='lat' dir='ltr'>timore</span> <span class='ocrx_word' id='word_1_174' title='bbox 1109 2790 1194 2855; x_wconf 90' lang='lat' dir='ltr'>velut</span> <span class='ocrx_word' id='word_1_175' title='bbox 1204 2789 1284 2854; x_wconf 91' lang='lat' dir='ltr'>servi</span> <span class='ocrx_word' id='word_1_176' title='bbox 1298 2810 1422 2855; x_wconf 82' lang='lat' dir='ltr'>eramus</span> 
     </span>
     <span class='ocr_line' id='line_1_22' title="bbox 425 2885 1422 2976; baseline 0.006 -29"><span class='ocrx_word' id='word_1_177' title='bbox 425 2885 457 2948; x_wconf 93' lang='lat' dir='ltr'>in</span> <span class='ocrx_word' id='word_1_178' title='bbox 468 2886 680 2972; x_wconf 80' lang='lat' dir='ltr'>expectatione</span> <span class='ocrx_word' id='word_1_179' title='bbox 692 2890 758 2976; x_wconf 87' lang='lat' dir='ltr'>ejus</span> <span class='ocrx_word' id='word_1_180' title='bbox 771 2891 841 2954; x_wconf 86' lang='lat' dir='ltr'>fidei</span> <span class='ocrx_word' id='word_1_181' title='bbox 855 2942 862 2967; x_wconf 89' lang='lat'>,</span> <span class='ocrx_word' id='word_1_182' title='bbox 881 2911 948 2974; x_wconf 83' lang='lat' dir='ltr'>quae</span> <span class='ocrx_word' id='word_1_183' title='bbox 961 2891 1124 2954; x_wconf 82' lang='lat' dir='ltr'>revelanda</span> <span class='ocrx_word' id='word_1_184' title='bbox 1138 2897 1221 2966; x_wconf 85' lang='lat' dir='ltr'>erat,</span> <span class='ocrx_word' id='word_1_185' title='bbox 1238 2889 1269 2952; x_wconf 95' lang='lat' dir='ltr'>in</span> <span class='ocrx_word' id='word_1_186' title='bbox 1283 2890 1422 2953; x_wconf 84' lang='lat' dir='ltr'>adventu</span> 
     </span>
     <span class='ocr_line' id='line_1_23' title="bbox 425 2977 1421 3077; baseline 0.008 -33"><span class='ocrx_word' id='word_1_187' title='bbox 425 2977 550 3048; x_wconf 88' lang='lat' dir='ltr'>Christi.</span> <span class='ocrx_word' id='word_1_188' title='bbox 577 3022 617 3035; x_wconf 89' lang='lat'><em>-</em></span> <span class='ocrx_word' id='word_1_189' title='bbox 646 2987 762 3052; x_wconf 82' lang='lat' dir='ltr'>Omnes</span> <span class='ocrx_word' id='word_1_190' title='bbox 772 2990 925 3077; x_wconf 82' lang='lat' dir='ltr'>enimfilii</span> <span class='ocrx_word' id='word_1_191' title='bbox 938 2990 1150 3076; x_wconf 77' lang='lat' dir='ltr'>Dei.]Probat</span> <span class='ocrx_word' id='word_1_192' title='bbox 1159 2989 1300 3073; x_wconf 83' lang='lat' dir='ltr'>quianon</span> <span class='ocrx_word' id='word_1_193' title='bbox 1315 3009 1421 3052; x_wconf 91' lang='lat' dir='ltr'>sumus</span> 
     </span>
     <span class='ocr_line' id='line_1_24' title="bbox 430 3084 1420 3176; baseline 0.007 -31"><span class='ocrx_word' id='word_1_194' title='bbox 430 3084 510 3148; x_wconf 90' lang='lat' dir='ltr'>servi</span> <span class='ocrx_word' id='word_1_195' title='bbox 519 3088 575 3151; x_wconf 92' lang='lat' dir='ltr'>sub</span> <span class='ocrx_word' id='word_1_196' title='bbox 586 3089 752 3174; x_wconf 73' lang='lat' dir='ltr'>pedagogo</span> <span class='ocrx_word' id='word_1_197' title='bbox 763 3091 846 3176; x_wconf 86' lang='lat' dir='ltr'>lege:</span> <span class='ocrx_word' id='word_1_198' title='bbox 859 3113 929 3155; x_wconf 82' lang='lat' dir='ltr'>nom</span> <span class='ocrx_word' id='word_1_199' title='bbox 942 3091 1043 3167; x_wconf 85' lang='lat' dir='ltr'>liberi,</span> <span class='ocrx_word' id='word_1_200' title='bbox 1053 3090 1085 3155; x_wconf 93' lang='lat' dir='ltr'>id</span> <span class='ocrx_word' id='word_1_201' title='bbox 1103 3097 1162 3164; x_wconf 88' lang='lat' dir='ltr'>est,</span> <span class='ocrx_word' id='word_1_202' title='bbox 1178 3089 1231 3152; x_wconf 88' lang='lat' dir='ltr'>filii</span> <span class='ocrx_word' id='word_1_203' title='bbox 1242 3088 1317 3153; x_wconf 91' lang='lat' dir='ltr'>estis</span> <span class='ocrx_word' id='word_1_204' title='bbox 1328 3139 1335 3165; x_wconf 88' lang='lat'><em>,</em></span> <span class='ocrx_word' id='word_1_205' title='bbox 1348 3088 1420 3171; x_wconf 84' lang='lat' dir='ltr'>quin</span> 
     </span>
     <span class='ocr_line' id='line_1_25' title="bbox 426 3181 1419 3277; baseline 0.006 -30"><span class='ocrx_word' id='word_1_206' title='bbox 426 3181 581 3251; x_wconf 82' lang='lat' dir='ltr'>Christum</span> <span class='ocrx_word' id='word_1_207' title='bbox 598 3188 758 3266; x_wconf 87' lang='lat' dir='ltr'>induistis,</span> <span class='ocrx_word' id='word_1_208' title='bbox 775 3191 808 3253; x_wconf 93' lang='lat' dir='ltr'>id</span> <span class='ocrx_word' id='word_1_209' title='bbox 827 3198 875 3254; x_wconf 91' lang='lat' dir='ltr'>est</span> <span class='ocrx_word' id='word_1_210' title='bbox 890 3191 955 3277; x_wconf 87' lang='lat' dir='ltr'>ejus</span> <span class='ocrx_word' id='word_1_211' title='bbox 973 3212 1065 3275; x_wconf 83' lang='lat' dir='ltr'>opere</span> <span class='ocrx_word' id='word_1_212' title='bbox 1081 3188 1192 3255; x_wconf 79' lang='lat' dir='ltr'>facitis.</span> <span class='ocrx_word' id='word_1_213' title='bbox 1206 3188 1324 3254; x_wconf 78' lang='lat' dir='ltr'>Omnes</span> <span class='ocrx_word' id='word_1_214' title='bbox 1338 3188 1419 3252; x_wconf 90' lang='lat' dir='ltr'>enim</span> 
     </span>
     <span class='ocr_line' id='line_1_26' title="bbox 426 3285 1420 3374; baseline 0.005 -26"><span class='ocrx_word' id='word_1_215' title='bbox 426 3285 573 3368; x_wconf 79' lang='lat' dir='ltr'>baptizari</span> <span class='ocrx_word' id='word_1_216' title='bbox 587 3287 740 3353; x_wconf 78' lang='lat' dir='ltr'>Christum</span> <span class='ocrx_word' id='word_1_217' title='bbox 757 3289 900 3354; x_wconf 90' lang='lat' dir='ltr'>induunt:</span> <span class='ocrx_word' id='word_1_218' title='bbox 915 3290 970 3354; x_wconf 90' lang='lat' dir='ltr'>sed</span> <span class='ocrx_word' id='word_1_219' title='bbox 988 3311 1044 3354; x_wconf 85' lang='lat' dir='ltr'>vos</span> <span class='ocrx_word' id='word_1_220' title='bbox 1062 3289 1136 3354; x_wconf 90' lang='lat' dir='ltr'>estis</span> <span class='ocrx_word' id='word_1_221' title='bbox 1156 3288 1322 3371; x_wconf 81' lang='lat' dir='ltr'>baptizati;</span> <span class='ocrx_word' id='word_1_222' title='bbox 1346 3309 1420 3374; x_wconf 86' lang='lat' dir='ltr'>ergo</span> 
     </span>
    </p>
   </div>
   <div class='ocr_carea' id='block_1_3' title="bbox 426 3380 1512 3760">
    <p class='ocr_par' dir='ltr' id='par_1_3' title="bbox 426 3380 1512 3760">
     <span class='ocr_line' id='line_1_27' title="bbox 427 3380 1421 3473; baseline 0.005 -27"><span class='ocrx_word' id='word_1_223' title='bbox 427 3380 581 3448; x_wconf 85' lang='lat' dir='ltr'>Christum</span> <span class='ocrx_word' id='word_1_224' title='bbox 588 3384 739 3452; x_wconf 89' lang='lat' dir='ltr'>induistis.</span> <span class='ocrx_word' id='word_1_225' title='bbox 748 3388 828 3452; x_wconf 88' lang='lat' dir='ltr'>Item</span> <span class='ocrx_word' id='word_1_226' title='bbox 843 3391 925 3473; x_wconf 94' lang='lat' dir='ltr'>quod</span> <span class='ocrx_word' id='word_1_227' title='bbox 933 3410 1039 3453; x_wconf 88' lang='lat' dir='ltr'>omncs</span> <span class='ocrx_word' id='word_1_228' title='bbox 1048 3389 1195 3473; x_wconf 72' lang='lat' dir='ltr'>baptizati</span> <span class='ocrx_word' id='word_1_229' title='bbox 1206 3387 1363 3454; x_wconf 87' lang='lat' dir='ltr'>Christum</span> <span class='ocrx_word' id='word_1_230' title='bbox 1376 3388 1421 3452; x_wconf 93' lang='lat' dir='ltr'>in-</span> 
     </span>
     <span class='ocr_line' id='line_1_28' title="bbox 427 3480 1512 3570; baseline 0.008 -27"><span class='ocrx_word' id='word_1_231' title='bbox 427 3480 523 3547; x_wconf 91' lang='lat' dir='ltr'>duunt</span> <span class='ocrx_word' id='word_1_232' title='bbox 534 3506 540 3545; x_wconf 93' lang='lat'>:</span> <span class='ocrx_word' id='word_1_233' title='bbox 550 3484 650 3548; x_wconf 88' lang='lat' dir='ltr'>nullus</span> <span class='ocrx_word' id='word_1_234' title='bbox 658 3486 738 3549; x_wconf 91' lang='lat' dir='ltr'>enim</span> <span class='ocrx_word' id='word_1_235' title='bbox 747 3487 911 3570; x_wconf 85' lang='lat' dir='ltr'>excipitur:</span> <span class='ocrx_word' id='word_1_236' title='bbox 925 3497 957 3552; x_wconf 91' lang='lat' dir='ltr'>et</span> <span class='ocrx_word' id='word_1_237' title='bbox 971 3488 1027 3552; x_wconf 95' lang='lat' dir='ltr'>hoc</span> <span class='ocrx_word' id='word_1_238' title='bbox 1039 3497 1102 3565; x_wconf 89' lang='lat' dir='ltr'>est,</span> <span class='ocrx_word' id='word_1_239' title='bbox 1112 3511 1174 3551; x_wconf 86' lang='lat' dir='ltr'>non</span> <span class='ocrx_word' id='word_1_240' title='bbox 1187 3487 1419 3569; x_wconf 57' lang='lat' dir='ltr'>Judoemscili-</span> <span class='ocrx_word' id='word_1_241' title='bbox 1508 3481 1512 3489; x_wconf 73' lang='grc'><strong>’</strong></span> 
     </span>
     <span class='ocr_line' id='line_1_29' title="bbox 426 3583 1415 3672; baseline 0.009 -27"><span class='ocrx_word' id='word_1_242' title='bbox 426 3586 476 3645; x_wconf 80' lang='lat' dir='ltr'>oet</span> <span class='ocrx_word' id='word_1_243' title='bbox 487 3591 644 3665; x_wconf 88' lang='lat' dir='ltr'>exceptus,</span> <span class='ocrx_word' id='word_1_244' title='bbox 659 3606 759 3672; x_wconf 84' lang='lat' dir='ltr'>neque</span> <span class='ocrx_word' id='word_1_245' title='bbox 774 3583 922 3666; x_wconf 77' lang='lat' dir='ltr'>Groeous,</span> <span class='ocrx_word' id='word_1_246' title='bbox 933 3599 1007 3666; x_wconf 68' lang='lat' dir='ltr'>eto„</span> <span class='ocrx_word' id='word_1_247' title='bbox 1020 3607 1093 3672; x_wconf 85' lang='lat' dir='ltr'>ergo</span> <span class='ocrx_word' id='word_1_248' title='bbox 1103 3587 1155 3670; x_wconf 93' lang='lat' dir='ltr'>qui</span> <span class='ocrx_word' id='word_1_249' title='bbox 1164 3588 1312 3671; x_wconf 81' lang='lat' dir='ltr'>baptizati</span> <span class='ocrx_word' id='word_1_250' title='bbox 1326 3588 1415 3663; x_wconf 87' lang='lat' dir='ltr'>estis,</span> 
     </span>
     <span class='ocr_line' id='line_1_30' title="bbox 427 3677 1396 3760; baseline 0.008 -16"><span class='ocrx_word' id='word_1_251' title='bbox 427 3677 583 3746; x_wconf 84' lang='lat' dir='ltr'>Christum</span> <span class='ocrx_word' id='word_1_252' title='bbox 593 3682 748 3748; x_wconf 86' lang='lat' dir='ltr'>induistis:</span> <span class='ocrx_word' id='word_1_253' title='bbox 763 3685 820 3750; x_wconf 85' lang='lat' dir='ltr'>hoc</span> <span class='ocrx_word' id='word_1_254' title='bbox 829 3693 877 3751; x_wconf 87' lang='lat' dir='ltr'>est</span> <span class='ocrx_word' id='word_1_255' title='bbox 886 3709 893 3760; x_wconf 89' lang='lat'>;</span> <span class='ocrx_word' id='word_1_256' title='bbox 911 3685 1022 3748; x_wconf 76' lang='lat' dir='ltr'>Omnis</span> <span class='ocrx_word' id='word_1_257' title='bbox 1034 3693 1116 3749; x_wconf 81' lang='lat' dir='ltr'>enim</span> <span class='ocrx_word' id='word_1_258' title='bbox 1127 3709 1189 3749; x_wconf 81' lang='lat' dir='ltr'>vos</span> <span class='ocrx_word' id='word_1_259' title='bbox 1204 3711 1299 3752; x_wconf 81' lang='lat' dir='ltr'>onom</span> <span class='ocrx_word' id='word_1_260' title='bbox 1311 3696 1396 3752; x_wconf 74' lang='lat' dir='ltr'>estis.</span> 
     </span>
    </p>
   </div>
   <div class='ocr_carea' id='block_1_4' title="bbox 850 4003 987 4044">
    <p class='ocr_par' dir='ltr' id='par_1_4' title="bbox 850 4003 987 4044">
     <span class='ocr_line' id='line_1_31' title="bbox 850 4003 987 4044; baseline -0.007 0"><span class='ocrx_word' id='word_1_261' title='bbox 850 4003 919 4044; x_wconf 76' lang='lat' dir='ltr'>CAP.</span> <span class='ocrx_word' id='word_1_262' title='bbox 945 4004 987 4044; x_wconf 77' lang='lat' dir='ltr'>tv.</span> 
     </span>
    </p>
   </div>
   <div class='ocr_carea' id='block_1_5' title="bbox 429 4166 1420 4361">
    <p class='ocr_par' dir='ltr' id='par_1_5' title="bbox 429 4166 1420 4361">
     <span class='ocr_line' id='line_1_32' title="bbox 472 4166 1420 4258; baseline 0.015 -30"><span class='ocrx_word' id='word_1_263' title='bbox 472 4166 553 4230; x_wconf 82' lang='lat' dir='ltr'>Dico</span> <span class='ocrx_word' id='word_1_264' title='bbox 574 4182 686 4234; x_wconf 84' lang='lat' dir='ltr'>antem.</span> <span class='ocrx_word' id='word_1_265' title='bbox 700 4170 712 4256; x_wconf 88' lang='lat'>]</span> <span class='ocrx_word' id='word_1_266' title='bbox 726 4172 850 4237; x_wconf 87' lang='lat' dir='ltr'>Diceret</span> <span class='ocrx_word' id='word_1_267' title='bbox 873 4173 958 4258; x_wconf 89' lang='lat' dir='ltr'>quis:</span> <span class='ocrx_word' id='word_1_268' title='bbox 971 4176 1051 4240; x_wconf 85' lang='lat' dir='ltr'>servi</span> <span class='ocrx_word' id='word_1_269' title='bbox 1073 4176 1201 4252; x_wconf 72' lang='lat' dir='ltr'>humus,</span> <span class='ocrx_word' id='word_1_270' title='bbox 1219 4183 1254 4241; x_wconf 92' lang='lat' dir='ltr'>ut</span> <span class='ocrx_word' id='word_1_271' title='bbox 1274 4177 1369 4252; x_wconf 89' lang='lat' dir='ltr'>diois;</span> <span class='ocrx_word' id='word_1_272' title='bbox 1387 4185 1420 4242; x_wconf 78' lang='lat' dir='ltr'>et</span> 
     </span>
     <span class='ocr_line' id='line_1_33' title="bbox 429 4266 1419 4361; baseline 0.014 -33"><span class='ocrx_word' id='word_1_273' title='bbox 429 4266 519 4330; x_wconf 92' lang='lat' dir='ltr'>modo</span> <span class='ocrx_word' id='word_1_274' title='bbox 530 4267 605 4332; x_wconf 86' lang='lat' dir='ltr'>dicis</span> <span class='ocrx_word' id='word_1_275' title='bbox 618 4269 753 4336; x_wconf 78' lang='lat' dir='ltr'>heredes</span> <span class='ocrx_word' id='word_1_276' title='bbox 767 4272 898 4350; x_wconf 89' lang='lat' dir='ltr'>erimus,</span> <span class='ocrx_word' id='word_1_277' title='bbox 911 4296 971 4338; x_wconf 85' lang='lat' dir='ltr'>non</span> <span class='ocrx_word' id='word_1_278' title='bbox 986 4283 1088 4359; x_wconf 84' lang='lat' dir='ltr'>potest</span> <span class='ocrx_word' id='word_1_279' title='bbox 1102 4297 1181 4341; x_wconf 87' lang='lat' dir='ltr'>esse.</span> <span class='ocrx_word' id='word_1_280' title='bbox 1199 4276 1290 4355; x_wconf 79' lang='lat' dir='ltr'>Quod</span> <span class='ocrx_word' id='word_1_281' title='bbox 1308 4279 1419 4361; x_wconf 78' lang='lat' dir='ltr'>probet</span> 
     </span>
    </p>
   </div>
   <div class='ocr_carea' id='block_1_6' title="bbox 0 0 1596 5442">
    <p class='ocr_par' dir='ltr' id='par_1_6' title="bbox 0 0 1596 5442">
     <span class='ocr_line' id='line_1_34' title="bbox 0 0 1596 5442; baseline 0 0"><span class='ocrx_word' id='word_1_282' title='bbox 0 0 1596 5442; x_wconf 95' lang='lat' dir='ltr'> </span> 
     </span>
    </p>
   </div>
  </div>
 </body>
</html>
