3184 5442
291 756 357 817 rto
675 770 706 811 o.
735 769 907 811 murrinum

293 914 353 976 imo
368 909 528 975 necessarii
541 910 789 991 comprobantur,
808 929 877 971 cum
890 929 944 991 per
955 928 1008 970 eos
1021 909 1109 973 electi
1125 914 1292 979 examinati

293 1014 332 1076 ad
344 1012 478 1077 colestia
492 1013 705 1093 deportantur.
1208 1019 1222 1037 ²

336 1116 376 1178 D.
400 1113 481 1191 Quid
497 1111 570 1176 dicis
596 1110 635 1172 de
651 1109 839 1194 presbyteris
858 1109 911 1191 qui
929 1108 1083 1197 Ecclesias
1099 1112 1176 1176 lucri
1193 1115 1291 1196 gratia

294 1215 464 1287 dimittunt,
487 1218 518 1275 et
539 1210 615 1273 alias
633 1208 801 1292 accipiuntl
816 1245 860 1256 -
872 1208 917 1271 M.
943 1209 1021 1292 Lupi
1035 1218 1124 1285 sunt,
1143 1222 1290 1296 apostata

294 1322 326 1378 et
340 1314 485 1387 latrones,
502 1333 624 1375 suorum
642 1318 674 1374 et
690 1330 794 1374 eorum
814 1311 854 1374 ad
866 1329 944 1392 quos
956 1310 1082 1374 veniunt
1094 1313 1286 1396 deceptores,

293 1417 355 1479 imo
369 1414 539 1479 traditores,

339 1726 370 1789 5.
394 1723 501 1809 Quare
515 1730 574 1785 oio
586 1728 751 1807 impiorum
757 1731 980 1806 prosperatur,
993 1732 1023 1782 et
1034 1727 1068 1781 r'n
1083 1743 1186 1784 annos
1191 1722 1291 1809 pluri·

296 1849 385 1889 mos:
399 1847 462 1887 nort
476 1827 522 1886 sic
536 1835 641 1885 autem
655 1828 726 1889 vita
732 1828 873 1906 piorum,
889 1827 953 1882 uisi
962 1820 1159 1908 quandoque.
1197 1827 1200 1834 ’

339 1929 381 1991 D.
408 1927 471 1990 Cur
484 1923 556 1987 mali
567 1923 617 1987 hic
628 1921 742 1986 divitiis
754 1917 895 1992 affluunt,
914 1922 1052 2003 potentia
1065 1921 1187 1998 florent,
1207 1924 1288 1986 sani·

297 2038 361 2093 tate
372 2027 487 2111 vigent,
506 2033 538 2088 et
553 2031 658 2088 contra
671 2022 741 2086 boni
751 2021 853 2105 inopia
864 2023 1034 2098 tabescunt,
1050 2045 1069 2085 a
1083 2024 1290 2110 malisinjuste

296 2129 517 2213 opprimuntur,
534 2124 690 2189 debilitate
701 2121 907 2187 marcescunt?
924 2159 964 2170 —
977 2124 1022 2186 M.
1036 2124 1169 2207 Propter
1180 2125 1290 2189 electos

297 2230 343 2292 his
359 2228 527 2292 redundant
545 2225 634 2296 mali,
653 2231 688 2287 ut
705 2224 769 2287 haec
788 2223 860 2285 boni
878 2222 1046 2305 despiciant
1062 2225 1172 2307 quibus
1184 2223 1290 2289 florere

295 2330 388 2392 etiam
408 2326 556 2409 pessimos
579 2324 713 2386 videant.
741 2322 867 2387 Divitiis
889 2330 993 2386 autem
1016 2324 1087 2387 mali
1114 2327 1286 2399 abundant,

295 2429 392 2510 primo
404 2433 439 2487 ut
448 2425 529 2485 mala
546 2444 613 2504 quae
627 2423 855 2506 concupiscunt,
868 2424 952 2509 justo
966 2424 1026 2487 Dei
1038 2425 1154 2511 judicio
1170 2426 1289 2510 explere

295 2547 350 2610 per
369 2522 528 2607 pecuniam
546 2522 689 2594 valeant,
716 2523 849 2613 secundo
869 2531 903 2585 ut
922 2522 948 2585 si
969 2544 1031 2606 qua
1049 2526 1130 2588 bona
1149 2526 1286 2599 fecerint,

296 2648 350 2711 per
365 2626 428 2688 haec
441 2628 682 2686 remunerentur.
704 2621 818 2686 Omnia
831 2622 910 2685 enim
927 2644 995 2706 quae
1009 2621 1135 2702 faciunt,
1157 2648 1212 2711 pro
1228 2635 1288 2691 ter-

297 2727 377 2791 renis
392 2729 502 2810 agnnt,
522 2723 603 2785 unde
621 2733 653 2786 et
676 2722 848 2786 mercedem
867 2744 954 2786 suam
972 2724 1133 2806 recipiunt.
1151 2727 1290 2791 Potentia

297 2828 467 2912 splendent,
482 2822 580 2907 primo
591 2829 716 2906 propter
731 2821 859 2904 seipsos
876 2828 910 2885 ut
924 2823 1005 2886 mala
1020 2844 1088 2906 quae
1102 2834 1220 2902 amant,
1234 2849 1288 2911 po-

297 2938 397 2994 tenter
411 2925 570 3010 expleant;
592 2924 723 2987 secundo
733 2929 859 3006 propter
871 2923 1026 3005 reprobos,
1047 2931 1083 2988 ut
1094 2946 1147 2989 eos
1160 2926 1192 2990 in
1207 2928 1290 2991 malis

297 3025 477 3095 defendant:
494 3019 585 3085 tertio
595 3025 720 3103 propter
730 3019 855 3093 electos
869 3025 904 3081 ut
918 3040 970 3082 eos
981 3020 1150 3104 castigent·
1160 3030 1221 3087 eta
1231 3046 1292 3088 ma·

296 3128 335 3191 lis
358 3125 476 3190 actibus
495 3121 667 3185 emendent.
691 3117 848 3202 Sospitate
871 3126 975 3182 autem
995 3120 1121 3203 pollent,
1147 3144 1205 3189 nec
1226 3146 1293 3189 cum

297 3226 468 3291 hominibus
483 3220 605 3306 flagella
620 3220 769 3295 sentiunt,
792 3227 827 3283 ut
844 3227 915 3303 post
930 3240 982 3282 eos
997 3221 1119 3303 gravior
1137 3223 1224 3289 dolor
1237 3247 1293 3288 ex·

295 3329 421 3394 cruciet.
444 3325 524 3389 Boni
540 3329 642 3386 autem
661 3321 728 3383 ideo
743 3319 861 3396 inedia,
886 3321 1080 3403 oppressione
1098 3329 1129 3385 et
1149 3323 1295 3408 languore

298 3428 478 3497 afficiuntur,
496 3443 536 3484 ne
555 3423 586 3484 in
602 3421 689 3485 malis
705 3421 893 3485 delectentur
913 3445 919 3482 ε
940 3428 994 3484 aut
1012 3422 1038 3484 si
1062 3421 1168 3506 aliqua
1191 3433 1297 3490 contra

297 3527 398 3590 Deum
420 3528 546 3606 egerunt
565 3530 708 3604 peccata,
729 3523 902 3595 deleantur;
928 3521 955 3584 si
974 3544 1058 3598 non,
1074 3543 1129 3606 pro
1145 3524 1297 3606 patientia

298 3628 489 3688 coronentur.

341 3726 384 3788 D.
411 3722 473 3786 Cur
488 3743 506 3784 e
519 3730 626 3784 contra
639 3722 762 3803 quidam
778 3724 849 3786 boni
864 3722 913 3786 hic
928 3719 1042 3785 divitiis
1055 3722 1227 3799 abundant,
1239 3747 1298 3810 po-

296 3824 394 3888 tentia
419 3821 634 3895 sublimantur,
660 3822 835 3885 valetudine
863 3824 1062 3894 roborantur;
1090 3822 1164 3885 mali
1191 3834 1297 3890 autem

295 3923 436 4008 penuria,
455 3920 631 3984 infirmitate
650 3927 681 3984 et
695 3923 890 4004 oppressione
905 3922 1064 3985 laborantl
1084 3914 1128 3969 -’-
1144 3922 1192 3987 Μ.
1217 3924 1296 4003 Qui-

296 4023 422 4087 busdam
450 4019 556 4083 electis
583 4017 697 4083 divitiae
722 4019 790 4083 ideo
819 4021 1034 4096 conceduntur,
1061 4029 1096 4085 ut
1121 4024 1203 4086 bona
1227 4046 1296 4109 quoe

296 4131 412 4196 amant,
432 4122 522 4183 rebus
536 4118 662 4202 implere
675 4120 816 4194 valeant,
831 4129 862 4184 et
873 4143 927 4205 per
942 4121 1005 4186 haec
1017 4121 1109 4185 etiam
1125 4122 1295 4189 admonen-

297 4235 358 4296 tur,
373 4222 398 4285 si
413 4221 477 4283 haec
493 4219 682 4303 temporalia,
696 4220 814 4295 suavia,
830 4229 946 4304 quanto
956 4220 1055 4306 magis
1066 4227 1180 4286 aeterna
1190 4223 1296 4287 viden·

298 4336 356 4389 tur.
374 4321 516 4386 Potentia
537 4321 714 4385 sublimatur
733 4321 832 4404 primo
851 4314 975 4406 propter
999 4322 1132 4404 seipsos-²,
1157 4331 1192 4385 ut
1217 4325 1295 4386 bona
