3184 5442
504 721 619 762 cuossm
644 722 676 763 ru
700 722 747 763 ur.
775 723 815 764 no
839 723 913 764 nou.
1164 708 1206 769 39

119 898 122 903 ·
214 902 258 955 se,
270 882 302 944 id
316 890 374 957 cst,
387 883 568 966 culpabilem
578 884 661 960 sacit,
677 887 758 968 quod
768 894 817 949 est
829 887 902 949 dum
918 907 978 948 non
994 888 1158 953 manducat
1170 911 1208 952 ne

214 980 358 1050 offendet.
384 1019 428 1030 -
455 982 519 1067 Qui
538 996 641 1046 autem
665 984 836 1070 discernit]
859 985 921 1063 Qui
942 991 1044 1049 autem
1065 987 1208 1053 discernit

213 1080 307 1155 cibos,
321 1080 352 1144 id
367 1089 426 1158 est,
441 1083 494 1165 qui
509 1090 598 1165 putat
616 1083 691 1147 alios
707 1085 847 1160 mundos,
865 1094 897 1148 et
910 1085 986 1149 alios
997 1107 1064 1150 esse
1075 1087 1207 1153 immuu-

213 1181 279 1253 dos,
297 1181 460 1245 damnatus
481 1190 544 1254 est;
567 1183 714 1265 quianon
731 1205 769 1246 ex
791 1184 861 1247 fide.
886 1185 979 1247 Fides
999 1186 1080 1248 enim
1103 1197 1208 1254 nostra

214 1279 291 1355 vult,
304 1288 338 1344 ut
347 1281 439 1344 homo
453 1282 483 1344 id
494 1290 577 1365 agat,
599 1284 681 1364 quod
695 1283 838 1367 intelligit
859 1284 937 1346 bene
959 1305 1026 1348 csse
1041 1288 1203 1370 agendum.

215 1416 258 1427 -
281 1380 319 1442 Si
332 1381 582 1458 nrandocaverr't,
594 1395 653 1445 ete.
666 1382 802 1468 lProbat
812 1384 894 1466 quod
903 1383 1021 1465 quinon
1031 1387 1147 1471 judicat
1159 1412 1203 1459 se.

214 1480 247 1542 id
261 1489 320 1548 est.
334 1502 394 1543 non
408 1481 573 1545 manducat
584 1483 694 1545 beatus
713 1492 780 1546 est:
803 1504 875 1545 nam
900 1485 999 1547 omnis
1021 1489 1208 1553 manducans

215 1580 377 1644 damnatus
393 1604 398 1642 :
417 1582 499 1664 quod
509 1581 554 1645 ita
564 1582 657 1646 dicit:
676 1591 730 1668 qai
744 1595 848 1645 orclem
865 1584 1018 1646 discernit
1027 1592 1057 1647 si
1071 1587 1206 1649 inondu-

216 1687 347 1756 caverr'c,
360 1693 420 1742 etc.
433 1683 476 1744 Et
491 1691 561 1745 sunt
576 1683 672 1746 multa
687 1683 849 1757 contraria,
859 1705 919 1745 non
931 1684 1061 1769 judicat,
1078 1693 1111 1749 et
1125 1671 1208 1750 man-

217 1781 345 1856 ducans,
363 1783 479 1863 probat,
495 1789 526 1845 et
540 1783 701 1856 discernit;
726 1783 828 1867 idest,
847 1804 907 1845 non
918 1785 1028 1865 probat
1043 1788 1205 1850 comeden-

218 1879 291 1942 dum
308 1882 429 1959 beatus,
449 1883 664 1946 etdamnatus.
694 1919 733 1930 —
763 1880 865 1944 Omne
877 1895 980 1945 autem
992 1885 1077 1969 qood
1084 1907 1148 1947 non
1159 1901 1206 1950 est

217 1979 348 2062 erstde.
361 1981 372 2066 l
386 1983 558 2046 Damnatus
570 1983 643 2065 quia
660 1991 819 2066 permotum
835 1983 976 2064 estquod
990 1981 1063 2046 facit
1078 2007 1084 2044 :
1106 1992 1138 2046 et
1151 1985 1207 2050 hoc

217 2081 398 2162 probatita:
416 2079 518 2144 Omne
528 2083 613 2169 quod
625 2107 688 2145 nou
700 2095 747 2145 est
762 2104 804 2143 erc
810 2082 1055 2168 fldepcccotrrm
1070 2096 1117 2145 est
1124 2105 1137 2161 ;
1152 2087 1207 2147 sed

217 2179 274 2243 hoc
287 2202 348 2243 uon
361 2203 399 2245 ex
413 2183 491 2245 fide:
511 2184 566 2245 sed
580 2185 643 2248 haec
664 2183 832 2266 assumptio
849 2183 1006 2264 praemissa
1017 2191 1075 2258 est,
1093 2183 1143 2247 ubi
1158 2185 1206 2247 di-

216 2278 258 2341 cit
273 2303 278 2341 :
297 2289 372 2366 qrrio
382 2305 444 2344 non
456 2282 586 2366 exfide.

637 2571 707 2613 CAP.
732 2572 784 2614 XV.

269 2773 479 2858 Quaecumque
493 2779 613 2856 scripta
624 2785 709 2834 sunt.
726 2772 737 2857 l
760 2771 855 2850 Quasi
870 2771 984 2835 diecret
999 2771 1120 2854 aliquis
1132 2774 1214 2850 Quid
1293 2853 1298 2863 ι

220 2873 285 2945 vita
295 2871 411 2936 Christi
425 2870 591 2934 ministrari
607 2869 714 2935 fecisse
730 2872 787 2934 sibi
803 2871 1073 2948 circumcisionem,
1091 2880 1215 2955 propter

219 2966 398 3030 veritatemi
418 2966 492 3049 quid
502 2966 668 3048 Prophetia
683 2967 721 3030 de
740 2966 829 3033 Deol
846 2966 919 3048 quid
933 2968 973 3029 ad
994 2965 1215 3029 institutionem

219 3088 337 3130 morum
372 3065 575 3131 nostrorum?
608 3067 661 3130 Ad
694 3067 752 3132 hoc
787 3067 961 3147 respondet.
1004 3064 1216 3150 Quemcumque

219 3175 343 3252 scripta
364 3179 454 3245 curet,
472 3179 531 3230 etc.
560 3203 601 3214 -
625 3166 716 3228 Sicut
737 3179 767 3228 et
784 3163 946 3242 Christus,
964 3176 1023 3225 etc.
1042 3161 1053 3248 ]
1074 3163 1217 3247 Suscepit

221 3287 292 3343 vm,
314 3274 346 3328 et
368 3267 492 3328 Judaeos
511 3273 542 3331 et
562 3266 681 3329 Gentes
704 3264 880 3348 probando:
894 3264 948 3327 sed
969 3268 1119 3326 monstrat
1139 3284 1216 3345 quo-

221 3366 312 3428 modo
324 3365 464 3428 Christus
473 3364 719 3428 condescenderit
729 3364 833 3442 nobis,
847 3361 920 3446 quia
932 3360 1127 3427 circumcisus
1137 3361 1213 3436 suit;

222 3475 255 3529 et
281 3487 339 3528 non
362 3465 639 3529 condescendemus
657 3464 794 3528 infirmis.
820 3500 865 3513 —
888 3464 968 3525 Dico
990 3461 1112 3548 enim]
1134 3463 1217 3527 Laus

220 3565 408 3629 Judoeorum.
438 3564 523 3627 Dicit
544 3564 626 3626 enim
655 3563 812 3628 Christum
838 3563 1002 3627 ministrari
1026 3561 1134 3626 fecisse
1159 3563 1216 3627 sibi

221 3664 494 3743 circmncisionem,
517 3671 642 3746 propter
666 3664 828 3728 veritatem
848 3662 908 3726 Dei
931 3663 1158 3746 complendam;
1183 3672 1217 3727 et

221 3763 436 3847 promissiones
456 3763 496 3825 ad
518 3771 623 3845 patres
644 3760 751 3826 factas.
779 3761 966 3825 Promissum
994 3762 1075 3825 enim
1101 3761 1212 3837 fuerat,

222 3864 303 3947 quod
314 3884 354 3926 ex
368 3863 389 3926 J
390 3863 545 3925 udaeorum
565 3861 679 3924 semine
704 3863 835 3925 oriturus
856 3871 957 3925 esset:
972 3862 1003 3923 in
1017 3882 1078 3944 quo
1089 3860 1216 3923 benedi-

222 3970 361 4027 cerentur
377 3983 492 4025 omnes.
505 3961 616 4025 Aliter.
629 3960 833 4025 Ministerium
849 3960 1098 4034 circumcisionis;
1109 3961 1141 4023 id
1154 3968 1213 4034 est,

223 4062 263 4125 ad
276 4062 422 4145 populum
433 4063 454 4125 J
456 4063 622 4136 udaeorum,
635 4068 670 4125 ut
684 4061 800 4126 veritas
809 4061 870 4126 Dei
881 4068 912 4125 et
926 4060 1140 4144 promissiones
1152 4061 1218 4146 ejus

223 4159 263 4222 ad
289 4168 393 4241 patres
411 4157 509 4224 factas
530 4161 763 4243 complerentur.
778 4159 892 4238 Quales
915 4167 986 4223 sunt
998 4181 1004 4220 :
1018 4157 1109 4220 Dabo
1129 4156 1216 4219 uobis

223 4282 352 4344 germen
366 4260 429 4345 (vel
443 4260 597 4346 decorem)
611 4261 761 4323 lustitioe.
779 4262 823 4324 Et
838 4259 1029 4344 Prophetom
1043 4255 1134 4319 eodm
1145 4279 1216 4318 sus-
