3184 5442
567 738 605 777 nn
628 737 769 778 osianna
795 737 1007 778 consessionis.
1217 719 1281 781 305

291 876 335 937 tio
347 876 481 939 diabolus
493 884 599 958 peccat
615 909 626 929 n
647 900 653 946 ;
671 877 727 939 hoo
742 884 901 960 peccatum
916 875 1110 938 violationem
1127 877 1282 942 charitatis

293 974 503 1057 intelligimus,
528 974 600 1055 quia
624 975 662 1036 ab
686 975 772 1037 initio
795 974 932 1037 diabolus
952 981 1068 1054 peccat.
1087 975 1282 1039 Horrendum

295 1093 365 1135 vero
380 1081 428 1136 est
447 1073 548 1150 valde,
574 1094 644 1136 cum
659 1074 702 1144 is,
731 1075 783 1156 qui
802 1094 857 1156 per
878 1070 1097 1135 confessionem
1118 1095 1227 1157 puram
1245 1056 1301 1138 de²

293 1172 410 1253 Spiritu
423 1172 538 1234 Sancto
550 1172 666 1235 renasci
677 1174 834 1247 debuerat,
852 1173 883 1234 in
894 1171 1020 1234 alterius
1032 1173 1218 1237 detractione
1230 1196 1285 1258 per

294 1270 487 1333 violationem
499 1271 656 1333 charitatis
669 1271 708 1333 de
724 1271 843 1333 diabolo
859 1270 1035 1332 renascitur.
1048 1271 1090 1333 Et
1103 1271 1262 1354 Scriptura
1275 1297 1281 1333 :

299 1401 311 1419 u
329 1372 437 1433 Justus
460 1370 491 1430 in
504 1368 650 1453 principio
669 1370 717 1432 sui
731 1378 888 1433 accusator
909 1378 957 1430 est
979 1400 990 1422 n
1010 1391 1018 1442 ;
1037 1371 1101 1444 sui,
1130 1392 1190 1433 non
1206 1373 1285 1436 alte-

297 1469 367 1531 rius.
382 1470 425 1531 Et
439 1469 513 1531 item
532 1494 538 1530 z
560 1500 572 1519 ιι
585 1469 778 1532 Confite'mini
790 1463 969 1531 alterutrum
985 1477 1111 1548 peccata
1124 1478 1227 1534 vestra
1243 1503 1255 1525 i
1275 1495 1282 1546 ;

295 1576 409 1640 vestra,
429 1589 488 1629 non
502 1567 611 1629 aliena.

341 1667 376 1727 ln
393 1686 452 1746 quc
467 1685 645 1728 revocemus
665 1666 705 1727 ad
720 1667 909 1738 memoriam,
935 1665 1005 1747 quia
1024 1666 1045 1727 J
1046 1666 1122 1727 udas
1138 1687 1170 1728 se
1191 1668 1289 1730 solum

297 1765 406 1845 laqueo
418 1765 575 1845 suspendit
586 1787 593 1836 ;
622 1765 774 1848 derogans
785 1764 866 1826 enim
878 1764 908 1825 in
921 1762 1108 1827 confessione
1124 1765 1221 1828 solum
1233 1767 1290 1829 sibi

299 1870 399 1935 nocet,
418 1863 490 1944 quia
501 1861 538 1935 is,
552 1863 601 1924 cui
616 1860 790 1946 derogatur,
806 1882 861 1925 nec
872 1862 1051 1944 publicatur,
1070 1863 1168 1925 necin
1180 1885 1288 1947 quam-

299 1982 428 2042 cumque
443 1960 644 2043 suspicionem
659 1981 849 2043 quocumque
863 1961 954 2024 modo
970 1960 1077 2034 adduci
1089 1962 1181 2025 salvis
1192 1984 1292 2028 sacra·

300 2061 410 2122 mentis
435 2069 538 2142 potest
557 2058 764 2122 confessionis.
786 2061 877 2122 Unde
892 2059 922 2121 in
947 2059 1041 2122 sacris
1063 2061 1236 2138 canonibus,
1260 2073 1292 2127 et

300 2158 399 2220 causis
412 2156 625 2221 ecclesiasticis
641 2159 679 2220 de
690 2157 738 2220 his
753 2165 883 2231 tantum,
899 2178 966 2239 quae
980 2158 1010 2219 in
1026 2166 1159 2221 tractatu
1172 2162 1291 2224 audivi—

301 2279 378 2327 mus,
402 2267 434 2320 et
457 2258 595 2321 videmus
616 2259 647 2318 in
670 2256 780 2321 effectu
803 2258 939 2332 tractari,
957 2259 1059 2341 palam
1079 2259 1241 2342 loquimur,
1261 2271 1292 2325 et

301 2364 460 2420 testamur.
481 2357 524 2419 Et
538 2356 570 2418 in
586 2356 693 2418 Veteri
711 2357 910 2420 Testamento
922 2358 978 2419 bos
992 2366 1158 2440 cornupeta
1181 2361 1293 2423 recludi
1333 2416 1343 2433 ,

300 2454 495 2537 praecipitur:
520 2454 545 2516 si
569 2452 650 2515 enim
670 2473 729 2514 non
753 2453 887 2517 reclusus
907 2453 937 2515 in
959 2473 1067 2536 campo
1082 2456 1292 2536 publicationis

300 2555 440 2637 aliquem·
448 2553 603 2629 occiderit,
619 2551 651 2614 id
663 2559 721 2629 est,
740 2552 769 2612 in
786 2551 988 2634 suspicionem
1004 2553 1141 2616 mortalis
1159 2555 1292 2619 criminis

301 2653 472 2723 adduxerit,
497 2651 636 2713 dominus
655 2651 732 2733 ejuS,
753 2650 780 2711 is
806 2650 962 2723 videlicet,
987 2651 1033 2713 cui
1048 2672 1103 2732 per
1126 2653 1290 2718 confessio-

302 2773 373 2815 nem
386 2771 419 2813 se
434 2749 573 2821 credidit,
592 2747 738 2830 quianon
760 2767 829 2809 eum
846 2747 980 2822 reclusit,
1007 2748 1130 2830 aliquod
1151 2752 1292 2818 videlicet

303 2850 332 2909 in
348 2846 534 2912 confessione
550 2845 667 2909 dictum
675 2853 846 2928 peccatum,
862 2846 910 2907 vel
919 2866 1102 2928 quemquam
1116 2848 1293 2930 simpliciter

303 2967 322 3009 a
337 2947 501 3028 derogante
512 2943 713 3017 nominatum,
741 2942 771 3005 in
788 2963 913 3006 causam
937 2943 1087 3025 publicam
1103 2964 1293 3031 quocumque

304 3044 394 3107 modo
404 3042 537 3116 adducit,
555 3048 653 3104 morte
667 3039 743 3103 mori
755 3040 937 3124 praecipitur.
955 3041 1119 3105 Revelator
1131 3043 1210 3107 enim
1225 3067 1294 3110 con-

304 3142 453 3216 sessionis,
467 3140 604 3204 mortalis
624 3139 756 3203 criminis
767 3161 837 3203 reus
849 3147 912 3211 est;
936 3140 1027 3203 fidem
1037 3162 1168 3225 namque
1180 3147 1291 3210 menti-

306 3250 372 3315 tur,
398 3248 588 3304 sacramenta
609 3236 804 3303 confessionis
824 3259 884 3301 non
908 3240 1066 3312 observat,
1093 3239 1124 3301 in
1144 3241 1293 3307 unitatem

306 3341 418 3415 Patria,
434 3349 466 3404 et
479 3340 550 3403 Filii
561 3346 679 3423 peccat,
700 3338 730 3399 in
744 3338 893 3420 Spiritum
908 3339 1066 3414 Sanctum,
1088 3340 1141 3422 qui
1155 3349 1203 3405 est
1222 3364 1296 3408 vera

307 3441 462 3515 remissio,
491 3441 702 3524 blasphemat;
734 3448 765 3501 et
794 3460 863 3503 cum
888 3440 1003 3503 Judaeis
1028 3439 1161 3503 Domino
1184 3442 1258 3506 dicit
1284 3467 1292 3506 ι
1383 3485 1387 3497 ·

311 3572 321 3593 ο
344 3542 454 3603 Nonne
463 3543 539 3603 bene
552 3539 680 3603 dicimus
690 3560 757 3613 nos,
778 3539 851 3621 quia
859 3538 1071 3602 Samaritanus
1083 3559 1116 3602 es
1130 3546 1176 3612 tu,
1194 3550 1226 3604 et
1238 3544 1297 3605 dae-

308 3639 441 3702 monium
457 3638 566 3702 habesi
589 3671 601 3690 η
618 3636 725 3699 Fidem
737 3636 893 3710 mentitur,
911 3656 991 3711 cum,
1016 3636 1096 3718 quod
1110 3637 1179 3699 fidei
1188 3637 1295 3704 Chris-

308 3739 457 3802 tianitatis
473 3740 539 3823 ejus
561 3736 708 3800 creditum
734 3743 792 3810 est,
819 3757 878 3798 non
902 3743 1021 3808 servat;
1045 3736 1084 3798 de
1107 3757 1168 3819 qua
1188 3740 1296 3805 beatus

310 3841 500 3925 Augustinus
519 3841 560 3903 in
574 3840 711 3903 Hornilia
735 3840 788 3912 X,
819 3835 909 3922 super
929 3839 1024 3922 epist.
1051 3840 1179 3904 Joannis
1202 3843 1295 3909 dicit:

316 3971 327 3990 u
344 3941 404 4018 Qui
414 3961 476 4002 non
489 3941 615 4002 credunt
631 3973 659 4012 η,
677 3939 708 4000 id
720 3947 779 4013 est,
795 3939 847 4020 qui
863 3938 952 4001 fidem
965 3959 1025 4001 non
1035 3938 1159 4014 habent,
1182 3970 1194 3992 u
1214 3945 1299 4026 pejo-

312 4060 360 4101 res
374 4046 445 4100 sunt
455 4057 548 4119 quam
562 4038 724 4110 daemones,
744 4046 776 4099 et
792 4037 942 4101 tardiores
958 4071 985 4100 n.

357 4138 555 4200 Sacramenta
566 4135 761 4200 consessionis
778 4137 884 4208 violat,
904 4137 976 4219 quia
990 4158 1046 4200 nec
1057 4137 1255 4220 poenitentem
1270 4140 1302 4201 in

313 4235 499 4298 confessione
514 4235 704 4317 baptizatum
715 4234 827 4335 credin
844 4234 1004 4316 ipsumque
1016 4235 1180 4298 secundum
1191 4236 1304 4317 baptis-

1165 4338 1197 4385 2⁰
