3184 5442
379 711 444 774 12⁶2
756 734 786 774 n.
813 734 985 777 muranum

375 907 418 919 -
441 870 590 933 Attende.
606 870 617 956 J
634 872 669 935 ld
682 883 740 948 est,
755 874 912 938 considera
927 875 1057 959 qualiter
1077 877 1179 952 vivae,
1192 884 1224 940 et
1239 879 1373 960 qualiter

375 971 496 1036 doceas

809 1267 877 1307 CAP.
904 1268 936 1310 V.

420 1475 614 1562 seniorem]
638 1477 708 1540 Non
729 1482 848 1538 tantum
871 1482 973 1548 aetate,
994 1481 1144 1557 quantum
1164 1475 1297 1539 moribus
1315 1500 1371 1540 se-

376 1578 490 1641 niorem
501 1585 621 1661 oportet
631 1576 680 1641 hic
691 1575 817 1658 intelligi
829 1576 868 1638 de
880 1595 942 1657 qua
951 1583 1108 1639 senectute
1118 1575 1262 1638 Salomon
1274 1577 1348 1641 dicit
1360 1599 1369 1639 ι

380 1675 462 1739 Cani
471 1691 545 1740 sunt
558 1700 670 1739 sensus
685 1676 832 1751 leontinis,
845 1687 876 1737 et
887 1687 967 1736 oetas
978 1683 1160 1750 senectutis,
1171 1683 1244 1737 vita
1256 1684 1371 1738 imma-

376 1776 494 1839 culata.
522 1815 562 1825 -
589 1774 774 1860 Casinate]
796 1776 833 1838 In
851 1775 983 1858 alloquio
1001 1775 1247 1861 juvenculam,
1264 1777 1372 1840 rectis-

376 1877 453 1941 sime
467 1877 589 1964 juvenis
607 1878 645 1940 de
660 1875 741 1938 omni
755 1875 897 1939 castitate
916 1877 1109 1947 admonetur;
1133 1884 1168 1937 ut
1186 1896 1241 1938 nec
1260 1876 1372 1939 saltem

376 1978 503 2040 minima
524 1976 696 2040 titillatione
714 1982 885 2038 moveatur.
912 2011 956 2021 -
981 1973 1200 2059 Parentibus]
1222 1975 1374 2040 Parentes

377 2090 477 2152 vocat,
496 2098 572 2159 quos
592 2075 731 2157 superius
750 2075 828 2137 filios
850 2082 882 2137 et
901 2085 1028 2158 nepotes
1048 2075 1180 2136 vocavit.
1199 2075 1279 2137 Tota
1297 2097 1372 2159 pro·
1425 2154 1428 2162 Ι

376 2177 480 2258 genies
494 2176 652 2258 parentela
666 2173 796 2237 dicitur:
814 2174 894 2236 unde
910 2182 942 2237 et
956 2175 987 2235 in
1002 2173 1154 2235 mundana
1167 2173 1235 2258 lege
1250 2177 1373 2256 parenti

377 2284 408 2337 et
425 2298 444 2338 a
459 2282 584 2359 parente
599 2275 665 2359 jam
683 2274 844 2336 succedere
856 2275 1014 2359 jubentur;
1040 2273 1148 2356 quibus
1165 2281 1303 2336 mutuam
1324 2275 1372 2338 vi·

377 2395 443 2436 cem
466 2374 606 2446 reddere,
625 2381 656 2436 et
678 2372 709 2433 in
728 2372 859 2435 servitiis
874 2393 977 2435 eorum
994 2373 1129 2436 subsidia
1144 2381 1176 2436 et
1189 2374 1374 2439 adminicula

376 2474 551 2554 rependere.
581 2507 620 2518 —
649 2471 728 2555 Quoe
743 2494 821 2532 vere
832 2471 946 2535 vidua.
959 2471 970 2558 ]
984 2474 1065 2536 Vere
1077 2473 1170 2535 vidua
1183 2480 1241 2546 est,
1260 2494 1327 2556 qnae
1338 2485 1373 2539 et

376 2571 510 2656 moribus
527 2579 634 2632 ornata
649 2578 712 2643 est,
731 2579 763 2632 et
778 2571 930 2634 neminem
946 2573 1037 2634 habet
1052 2571 1099 2635 cui
1113 2571 1301 2656 diligentiam
1312 2576 1371 2638 ad·

377 2671 489 2732 hibeat.
518 2706 558 2718 -
582 2669 620 2731 St
636 2677 706 2757 quis
718 2682 821 2732 autem
835 2670 998 2757 suorum]
1019 2671 1131 2734 Melius
1148 2681 1196 2734 est
1210 2673 1373 2737 veritatem

376 2770 530 2854 ignorare,
551 2792 642 2854 quam
661 2764 1029 2855 cognitam'postponerae
1050 2772 1132 2854 quod
1143 2767 1218 2835 facit
1231 2772 1282 2854 qui
1299 2790 1373 2836 suos

375 2890 435 2932 non
447 2878 544 2934 curat.
571 2906 612 2919 -
641 2870 718 2934 Cum
730 2879 812 2933 enim
824 2871 1020 2957 luxuriatae]
1032 2872 1124 2934 Ratio
1137 2892 1190 2934 cur
1199 2871 1372 2935 devitandae

375 2970 452 3044 sint;
476 2971 547 3054 quia
568 2992 648 3054 saepe
664 2971 827 3055 contingit,
855 2981 890 3035 ut
911 2972 1015 3036 relicto
1029 2972 1184 3055 proposito
1199 2971 1369 3046 castitatis,

375 3091 430 3152 per
442 3072 553 3135 multos
564 3079 716 3135 amatores
729 3071 937 3145 luxurientur;
954 3079 1065 3155 etpost
1079 3072 1206 3134 multam
1218 3071 1371 3136 luxuriam

375 3169 405 3231 in
424 3171 546 3236 Christo
562 3172 691 3241 nubere;
710 3171 742 3234 id
761 3179 826 3246 est,
850 3171 984 3255 copulari
1001 3171 1073 3234 viris
1088 3171 1232 3255 legitimis
1250 3173 1367 3236 volunt.

377 3306 417 3318 -
446 3271 560 3334 Tribus
576 3270 739 3357 testibus]
762 3273 800 3335 ld
824 3281 889 3346 est,
911 3272 973 3335 nisi
990 3278 1148 3335 accusator
1167 3271 1278 3335 habeat
1293 3274 1372 3336 duos

375 3383 429 3433 aut
437 3379 500 3433 tres
510 3378 607 3433 testes
618 3371 766 3445 criminis,
786 3373 869 3453 quod
886 3372 1053 3436 contendit.
1080 3407 1120 3433 -.-
1148 3370 1371 3443 Communica-

375 3467 487 3552 veris.]
511 3469 572 3546 Qui
592 3468 748 3553 indignum
769 3472 908 3545 ordinat,
935 3472 1071 3555 peccatis
1093 3473 1222 3536 ordinati
1247 3482 1279 3536 et
1303 3473 1372 3556 ipse

349 3596 352 3603 ·
374 3568 585 3632 communicat.
613 3606 654 3619 -
683 3571 727 3633 Te
747 3579 850 3656 ipsum
871 3572 1020 3658 castum]
1040 3572 1135 3651 Quasi
1153 3573 1287 3637 diceret:
1307 3573 1372 3650 Qui

375 3667 515 3751 indignos
523 3670 638 3754 juberis
651 3671 807 3754 repellere,
828 3680 858 3734 te
872 3672 973 3754 ipsum
987 3674 1080 3736 debes
1093 3673 1123 3734 in
1135 3673 1207 3736 vite
1221 3672 1371 3737 munditia

375 3769 534 3832 custodire.
564 3806 603 3817 —
627 3768 704 3833 Noli
724 3769 828 3832 adhuc
849 3771 992 3857 aquam]
1017 3773 1098 3850 Quia
1115 3773 1286 3836 castitatem
1303 3793 1370 3837 ser·

373 3867 505 3930 vendam
525 3869 686 3952 praecepit,
711 3890 750 3932 ne
770 3868 1002 3934 immoderatam
1018 3872 1232 3936 abstinentiam
1248 3872 1296 3937 vel
1311 3895 1373 3937 aua

374 3986 459 4049 gere,
478 3969 526 4030 vel
543 3978 645 4032 tenere
658 3969 765 4043 vellet,
785 3968 843 4033 hoc
857 3971 1022 4056 subjungit.
1045 3971 1101 4035 Vel
1116 3971 1187 4055 quia
1200 3973 1371 4038 infirmatus
1417 4019 1420 4025 -

373 4063 491 4137 fuerat,
517 4087 573 4131 nec
596 4068 669 4131 dum
691 4069 871 4153 adplenum
894 4071 1099 4135 convaluerat.
1124 4071 1181 4136 Vel
1203 4072 1272 4136 ideo
1295 4073 1371 4139 dicit

373 4163 472 4227 adhuc
486 4185 555 4228 curn
566 4168 687 4250 juvenis
704 4169 756 4241 εἰς,
772 4170 867 4235 donec
883 4172 1004 4256 majoris
1016 4171 1058 4234 sis
1071 4171 1182 4235 aetatis
1211 4207 1251 4218 -
1280 4171 1369 4256 Quo-

375 4264 517 4326 rumdam
530 4264 717 4349 dominum.]
737 4266 869 4331 Causam
891 4272 1033 4353 supponit
1056 4293 1107 4334 cur·
1131 4292 1238 4335 manus
1256 4271 1369 4334 nemini
