3184 5442
983 976 1218 1019 GLossAE
1267 975 1334 1016 ιΝ
1381 975 1476 1016 ΕΡ.
1531 975 1613 1015 An
1659 974 1947 1017 commu.
2384 959 2472 1022 45

460 1151 856 1228 praeparasti
886 1139 1296 1228 diligentibus
1330 1153 1413 1202 te.
1470 1177 1551 1188 —
1603 1141 1746 1203 Non
1783 1149 1850 1203 in
1873 1141 2099 1205 doctis.
2122 1142 2143 1227 ]
2170 1143 2237 1205 In
2274 1144 2471 1209 doctis

470 1243 749 1306 humanae
793 1241 1061 1307 scientiae
1107 1239 1313 1304 verbis
1357 1260 1425 1303 se
1461 1239 1629 1325 loqui
1664 1242 2006 1326 abnegant:
2045 1243 2131 1306 Et
2169 1249 2377 1306 tamen
2408 1244 2467 1306 in

467 1342 784 1426 scripturis
834 1343 970 1428 ejus
1020 1346 1197 1404 tanta
1244 1338 1513 1403 locorum
1566 1340 2051 1422 disputationum
2113 1342 2463 1406 subtilitas:

465 1450 643 1506 tanta
672 1447 738 1505 et
766 1449 897 1505 tam
940 1439 1181 1504 subtilis
1210 1439 1651 1502 benevolentiae
1692 1440 1962 1523 captatio
1987 1487 2005 1520 ‚
2031 1460 2166 1504 cum
2204 1462 2303 1505 res
2334 1443 2469 1507 exi-

465 1543 559 1627 git
578 1596 594 1620 ,
621 1543 968 1607 invenitur:
1007 1547 1078 1605 ut
1110 1548 1316 1616 tanta,
1352 1540 1448 1604 vel
1481 1542 1697 1626 major,
1736 1541 1797 1603 in
1832 1541 1997 1605 nullo
2033 1541 2464 1624 scripturarum

466 1664 689 1728 genere
722 1643 1085 1727 reperiatur.
1114 1641 1296 1705 Unde
1323 1640 1533 1723 procul
1570 1641 1752 1705 dubio
1776 1643 2140 1706 credendum
2173 1651 2269 1707 est
2294 1693 2308 1716 ,
2341 1664 2461 1707 non

466 1765 606 1808 eum
634 1743 877 1828 regulas
919 1741 1146 1806 artium
1177 1738 1538 1803 secularium
1566 1739 1630 1801 in
1659 1740 1974 1804 scribendo
1993 1792 2007 1816 ,
2035 1741 2134 1804 vel
2163 1740 2464 1824 loquendo

464 1843 793 1928 cogitasse.
823 1842 952 1907 Sed
973 1862 1086 1925 per
1108 1838 1446 1902 doctrinam
1475 1838 1673 1902 sancti
1695 1839 1963 1923 Spiritus
1980 1892 1994 1915 ‚
2023 1861 2064 1902 a
2084 1861 2206 1924 quo
2225 1893 2238 1916 ‚
2269 1848 2333 1905 et
2353 1864 2465 1926 per

470 1962 659 2029 quem
687 1949 782 2006 est
812 1941 1005 2004 omnis
1026 1939 1195 2004 utilis
1231 1936 1486 2022 peritia,
1518 1938 1669 2002 talia
1709 1948 1773 2003 et
1796 1939 2001 2002 taliter
2034 1940 2294 2015 dixisse;
2331 1963 2465 2026 quae

470 2062 583 2124 per
612 2041 857 2126 singula.
877 2059 1245 2124 exponerem
1274 2089 1287 2114 ,
1318 2037 1436 2100 nisi
1470 2036 1890 2120 imperitorum
1920 2038 2131 2102 talium
2156 2040 2463 2108 doctrina-

467 2161 605 2205 rum
628 2159 898 2204 murmur
923 2141 1267 2204 timeretur.
1319 2173 1408 2184 —
1456 2135 1838 2222 Spiritualia
1862 2139 2363 2224 comparantes.]
2391 2141 2472 2204 Id·

468 2249 603 2316 est,
641 2247 1106 2324 compensantes
1135 2237 1514 2322 spiritualem
1538 2235 1876 2300 doctrinam
1897 2285 1911 2311 ‚
1940 2237 2270 2301 secundum
2300 2241 2465 2320 quod

466 2362 663 2426 capax
703 2353 799 2405 est
851 2337 1184 2423 spiritualis
1232 2337 1514 2401 auditor:
1559 2357 1695 2420 quae
1742 2335 2139 2420 spiritualiter
2193 2337 2415 2403 auditis
2443 2391 2457 2414 ,

464 2440 877 2524 spiritualibus
901 2442 1217 2524 probatur.
1273 2474 1354 2486 —
1402 2437 1728 2500 Animalis
1757 2435 2012 2523 homa]
2043 2437 2205 2515 Quia
2227 2438 2463 2503 anima-

464 2540 538 2604 lis
566 2547 662 2605 est
683 2592 696 2617 ,
723 2539 868 2624 quia
892 2539 1031 2627 ipsa
1059 2537 1404 2623 spiritualia
1439 2537 1766 2622 improbat,
1782 2544 1847 2601 et
1874 2537 2011 2601 ideo
2043 2537 2318 2603 laborare
2340 2560 2463 2602 non

461 2646 668 2725 potest
683 2689 699 2717 ‚
741 2650 811 2705 ut
849 2630 1176 2723 intelligat.
1230 2674 1311 2686 —
1361 2637 1735 2724 Spiritualis
1768 2651 2001 2701 autem.
2023 2636 2047 2724 ]
2068 2638 2415 2723 Spiritualis
2440 2691 2455 2716 ,

461 2741 660 2826 inquit
687 2792 700 2816 ‚
746 2739 1033 2825 intelligit
1073 2747 1138 2804 et
1182 2739 1570 2823 reprehendit
1612 2740 1816 2804 omnia
1836 2787 1854 2820 ,
1893 2760 2028 2824 quae
2071 2740 2463 2826 intelligenda

464 2848 529 2907 et
580 2840 1078 2926 reprehendenda
1129 2845 1318 2903 sunt:
1378 2846 1441 2903 et
1492 2839 1626 2923 ipse
1674 2861 1713 2903 a
1762 2840 1926 2904 nullo
1984 2841 2317 2906 carnalium
2361 2843 2461 2906 vel

462 2940 921 3024 reprehenditur
941 2939 1043 3002 vel
1065 2938 1425 3022 intelligitur
1452 2960 1467 3002 ε
1496 2940 1569 3002 In
1589 2945 1851 3023 utraque
1881 2939 2318 3026 significatione
2348 2943 2462 3006 hoc

460 3041 715 3104 verbum
741 3038 1067 3122 reperitur.
1123 3075 1204 3088 —
1252 3039 1343 3101 Et
1376 3047 1512 3125 ipse
1540 3063 1583 3102 α
1613 3038 1923 3125 nemina]
1956 3041 2019 3104 A
2056 3040 2297 3104 nemine
2331 3040 2460 3124 spi-

461 3139 695 3206 ritualis
729 3140 911 3203 homo
945 3138 1343 3224 intelligitur3
1379 3139 1524 3223 quia
1562 3161 1740 3204 nemo
1783 3139 2103 3225 intelligit;
2140 3160 2260 3203 non
2298 3141 2457 3203 enim

461 3233 749 3326 cognovit
793 3239 928 3323 quis
959 3260 1208 3304 sensum
1263 3240 1538 3304 Domini.
1583 3243 1648 3305 A
1697 3261 1885 3305 causa
1929 3240 2149 3322 probat
2198 3240 2418 3303 iterum
2437 3291 2450 3312 ‚

463 3362 503 3405 a
543 3339 783 3404 nemine
820 3338 1304 3423 reprehenditur,
1353 3340 1500 3423 quia
1539 3359 1722 3402 nemo
1773 3336 2190 3420 reprehendit;
2233 3345 2296 3400 et
2344 3337 2459 3402 hoc

461 3435 681 3526 probat
715 3439 860 3524 quia
900 3459 1021 3501 non
1056 3438 1329 3503 instruit.
1383 3474 1462 3487 ——
1522 3437 1685 3522 Quis
1723 3443 1889 3498 enim
1927 3434 2281 3522 cognovit}
2316 3436 2457 3501 Hoc

459 3540 716 3606 refertur
737 3539 832 3604 ad-
858 3538 1230 3623 superiorem
1269 3537 1440 3602 verbi
1478 3535 2003 3622 significationem.
2057 3570 2138 3583 -
2195 3533 2323 3620 Qui
2349 3543 2452 3598 in-

461 3652 669 3703 struat
693 3639 888 3725 eum.]
924 3640 1066 3704 Hoc
1098 3640 1181 3704 ad
1210 3638 1607 3722 posteriorem
1620 3686 1633 3700 .
1672 3636 1794 3714 Qui
1836 3636 1997 3700 enim
2029 3636 2440 3720 ‚reprehendit

463 3739 778 3806 scientiam
792 3740 1132 3805 instruendi
1162 3740 1385 3834 habere
1421 3742 1627 3804 debet.

1305 4056 1442 4097 CAP.
1498 4055 1567 4096 111
1580 4085 1591 4096 .

552 4228 710 4292 Cum
751 4236 918 4301 enim
960 4235 1102 4316 quis
1137 4229 1370 4315 dic-aL]
1400 4230 1724 4314 Expositio
1764 4231 1875 4294 zeli
1916 4234 1979 4293 et
2020 4228 2446 4293 contentioniS.

457 4364 545 4378 -
593 4328 718 4391 Dei
746 4335 911 4390 enim
941 4327 1219 4414 summu]
1264 4329 1448 4394 Ratio
1484 4351 1589 4393 cur
1618 4329 1841 4394 dixerit
1878 4329 2239 4393 mercedem.
2277 4328 2448 4411 Ope-

456 4427 598 4493 rarii
648 4429 842 4504 enim,
880 4449 1037 4512 quos
1076 4429 1386 4514 adjutores
1434 4430 1530 4494 hic
1576 4437 1799 4502 vocat,
1857 4429 2201 4493 mercedem
2251 4428 2447 4492 solent

459 4528 750 4611 accipere.
809 4563 889 4577 —
939 4527 1440 4591 Fundamentum
1471 4537 1659 4592 enim.
1680 4527 1703 4613 ]
1728 4529 1918 4608 Quasi
1937 4527 2156 4614 aliquis
2176 4528 2442 4592 diceret:
