3184 5442
293 763 358 824 ‘264
672 784 701 825 o.
730 784 901 825 ianrnnn'cr

336 924 378 985 D.
397 924 457 1001 Qui
473 924 502 984 in
519 923 690 986 criminibus
707 924 828 987 suerunt
842 924 1032 1006 deprehensi,
1052 931 1084 987 et
1105 947 1125 988 a
1136 926 1292 1011 judicibus

294 1026 333 1088 ad
350 1025 521 1106 equuleum,
540 1024 588 1086 vel
604 1025 643 1086 ad
662 1023 743 1086 aliud
757 1023 939 1108 supplicium
953 1025 1099 1098 damnati,
1121 1034 1154 1089 et
1172 1027 1206 1088 in
1225 1027 1291 1110 ipso

295 1123 401 1187 mortis
424 1122 548 1185 articulo
571 1122 781 1203 poenituerint,
809 1129 857 1184 est
878 1143 948 1205 spes
970 1118 1077 1205 aliqua*
1095 1125 1136 1186 de
1158 1125 1223 1188 eisl
1251 1163 1289 1174 -

293 1224 340 1286 M.
355 1224 472 1306 Magna
488 1245 493 1282 :
511 1221 643 1298 Quidam
658 1222 738 1283 enim
751 1243 805 1304 per
816 1221 889 1283 illud
903 1222 1082 1304 supplicium
1098 1237 1271 1308 purgantur
1280 1256 1294 1298 ,¹

293 1333 325 1385 ct
339 1335 374 1385 ut
400 1322 478 1384 latro
494 1320 525 1381 in
541 1341 629 1383 cruce
645 1321 801 1383 salvantur
819 1345 824 1391 ;
845 1321 969 1403 quidam
986 1321 1175 1387 orationibus
1189 1326 1289 1389 Sano-

296 1435 396 1484 rorum
411 1421 449 1482 de
462 1420 561 1502 poenis
574 1419 750 1483 liberantur.

339 1523 381 1584 D.
404 1521 481 1598 Quae
497 1540 589 1585 causa
607 1528 666 1598 est,
687 1522 768 1603 quod
786 1521 872 1603 pueri
889 1522 997 1582 melius
1015 1542 1145 1604 quaeque
1163 1532 1292 1604 possunt

294 1621 425 1695 discere,
446 1640 539 1702 quam
560 1618 664 1680 senesl
691 1655 730 1666 -
757 1619 838 1697 Quia
856 1620 959 1682 anima
977 1620 1075 1683 adhuc
1094 1621 1125 1682 in
1147 1623 1224 1705 ipsis
1244 1635 1291 1687 est

295 1742 390 1791 nova,
410 1730 442 1784 et
460 1720 498 1782 ad
514 1719 656 1782 universa
672 1721 801 1782 curiosa.
823 1721 858 1782 ln
878 1721 1000 1783 senibus
1019 1742 1092 1783 vero
1112 1723 1291 1805 quotidiano

295 1843 364 1895 usu,
383 1821 431 1883 vel
445 1820 524 1894 visu,
539 1818 586 1881 vel
599 1818 714 1890 auditu,
729 1825 775 1881 est
790 1840 896 1883 sensus
910 1822 1045 1895 obtusus
1058 1830 1090 1883 et
1106 1842 1162 1903 per
1177 1824 1291 1887 multas

294 1921 494 2006 cogitationes
508 1928 692 1982 attenuatus.

339 2023 381 2084 D.
401 2022 469 2098 Quo
484 2020 568 2082 venit
582 2040 652 2082 arca
663 2018 866 2081 Testamentil
877 2018 971 2081 -M.
982 2018 1164 2103 [inminente
1175 2021 1291 2086 Hieru-

296 2123 392 2184 salem
408 2119 525 2182 excidio
538 2139 557 2180 a
568 2117 761 2202 Babyloniis,
771 2117 945 2179 Hieremias
953 2137 992 2178 ex
1002 2127 1155 2201 praeoepto
1167 2121 1293 2183 Domini

297 2221 431 2284 condidit
442 2240 509 2282 earn
521 2219 551 2279 in
573 2217 710 2299 sepulcro
722 2216 841 2301 Moysis
864 2238 932 2280 curn
947 2216 1013 2279 aliis
1025 2218 1188 2300 Prophetis
1204 2244 1210 2281 :
1230 2223 1294 2285 haec

297 2334 433 2403 tempore
451 2317 614 2379 novissimo
629 2318 667 2379 ab
681 2316 749 2379 Elia
767 2325 798 2378 et
815 2317 919 2379 Enoch
936 2316 1114 2399 proferetur,
1136 2321 1295 2384 revelante

296 2420 438 2483 Domino.
1089 2423 1091 2426 ‘

341 2713 397 2774 26.
428 2709 492 2773 Cur·
503 2711 593 2772 modo
608 2720 703 2796 signa
716 2735 778 2774 non
786 2715 889 2798 fiunt.

341 2814 382 2876 D.
409 2812 471 2877 Cur
482 2833 541 2874 non
553 2822 681 2895 possunt
694 2815 767 2898 justi
779 2814 867 2898 signa
880 2813 979 2878 facere
994 2817 1050 2879 hoo
1063 2827 1203 2901 tempore
1217 2820 1298 2884 siout
1385 2862 1387 2868 ·

228 2986 245 3007 f
299 2913 370 2976 olim
386 2911 537 2976 feceruntl
561 2949 600 2960 -
616 2914 662 2977 M.
678 2914 790 2976 Nullus
803 2936 940 2996 unquam
956 2923 1129 2980 sanctorum
1146 2916 1222 2982 fecit
1240 2920 1297 2984 ali-

210 2998 227 3017 *
300 3015 381 3096 quod
400 3014 535 3097 signum,
559 3014 613 3075 sed
630 3014 715 3076 Deus
735 3035 790 3096 per
805 3036 858 3076 eos
879 3014 961 3093 lecit,
986 3016 1037 3098 qui
1057 3017 1154 3107 menti
1173 3019 1298 3082 illorum

299 3113 459 3196 praesedit;
477 3123 511 3177 ut
524 3113 633 3176 dicitur
650 3134 656 3174 :
678 3115 750 3176 “Tu
763 3134 795 3174 es
811 3115 907 3189 Deus,
925 3115 977 3195 qui
991 3114 1064 3178 facit
1079 3115 1234 3182 mirabilia
1246 3140 1298 3182 so·

297 3214 356 3277 lus.
374 3245 385 3268 n
400 3213 496 3277 Porro
506 3213 576 3275 olim
587 3221 710 3295 propter
719 3212 887 3275 incredulos
900 3213 1028 3275 visibilia
1037 3215 1123 3298 signa
1132 3237 1189 3298 per
1194 3218 1300 3302 justos

297 3313 427 3387 fecerat,
452 3316 524 3377 dum
544 3334 669 3396 corpora
688 3312 832 3396 languida
853 3321 1015 3377 sanaverat
1032 3337 1038 3386 ;
1056 3335 1136 3378 nunc
1156 3320 1296 3402 majora,

299 3415 413 3477 scilicet
429 3413 599 3496 spiritualia
625 3433 679 3496 per
706 3434 758 3475 eos
776 3420 948 3494 perpetrat,
972 3415 1042 3476 dum
1065 3415 1184 3479 animas
1201 3420 1301 3483 variis

298 3515 395 3577 modis
411 3513 569 3596 languidas
580 3522 676 3575 curat.
692 3514 848 3576 Interdum
866 3521 986 3588 autem,
1004 3534 1073 3577 cum
1086 3535 1213 3580 necesse
1229 3529 1297 3595 est,

300 3613 451 3676 exteriora
460 3614 548 3695 signa
557 3632 612 3693 per
623 3632 693 3674 suos
707 3613 782 3695 agit,
797 3613 949 3675 interdum
961 3614 1053 3676 etiam
1066 3634 1119 3695 per
1129 3620 1298 3698 reprobos;

300 3711 354 3772 sed
377 3718 479 3773 tamen
499 3718 624 3792 propter
644 3710 756 3772 electos
777 3711 855 3773 inira
876 3711 958 3775 facit.
979 3712 1050 3775 Ideo
1072 3734 1091 3776 a
1110 3714 1300 3796 quibusdam

300 3809 404 3890 lapsis,
424 3807 563 3889 quamvis
576 3807 804 3889 poenitentibus,
823 3810 908 3873 Deus
923 3812 1082 3874 recessisse
1096 3814 1296 3895 praedicatur,

300 3907 372 3990 quia
379 3926 433 3989 per
444 3928 496 3968 eos
508 3905 595 3990 signa
604 3927 663 3968 non
676 3916 829 3986 operatur.
840 3910 912 3972 Ideo
922 3931 994 3973 vero
1004 3926 1141 3975 extremo
1155 3922 1299 3996 tempore

300 3996 420 4089 penitus
435 4004 523 4088 signa
537 4005 575 4067 ab
589 4004 726 4066 Ecclesia
744 4007 970 4083 subtrahentur,
985 4020 1019 4072 ut
1035 4012 1109 4095 justi
1125 4013 1226 4096 magis
1241 4036 1299 4097 per

297 4104 481 4183 tentationes
495 4103 613 4186 probati
630 4103 832 4169 abundantius
847 4118 1082 4172 remunerentur.
