3184 5442
305 752 371 815 216
687 745 717 808 n'.
746 769 920 809 unnuuuncr

305 911 441 983 inlimuS,
460 912 511 992 qui
528 909 583 973 suit
596 911 734 972 omnibus
748 906 912 990 praelatus,
930 907 967 968 de
984 908 1040 971 bac
1054 909 1181 972 dicitur:
1203 940 1216 961 u
1242 911 1307 974 Im-

305 1010 435 1072 mundus
457 1018 505 1073 est
529 1031 631 1073 coram
653 1011 722 1073 Deo
750 1007 849 1070 omnis
872 1007 924 1088 qui
946 1007 1062 1070 exaltat
1082 1029 1133 1070 cor
1156 1029 1249 1072 suum
1274 1043 1303 1072 n.

303 1109 476 1172 Secundum
496 1110 702 1173 inobedientia
717 1109 841 1177 extitit.
859 1109 1114 1171 cummendatum
1137 1110 1199 1172 Dei
1222 1131 1302 1192 prae-

302 1209 423 1287 terivit,
445 1219 476 1273 et
501 1210 569 1272 ideo
599 1210 769 1274 factasunt
795 1208 822 1270 ei
852 1207 954 1269 omnia
980 1208 1206 1285 inobedientia,
1233 1233 1305 1293 quae

301 1308 385 1390 prius
397 1317 484 1373 erant
502 1311 639 1396 subjecta
652 1362 658 1384 ‚
673 1311 711 1372 de
733 1310 788 1371 hac
820 1307 949 1369 dieitur:
975 1337 987 1356 u
1015 1307 1110 1384 Quasi
1135 1309 1236 1373 scelus
1255 1320 1305 1375 est

301 1407 467 1483 ariolandi,
499 1410 578 1472 nolle
604 1410 726 1472 obedire
818 1408 955 1470 Tertium
975 1407 1104 1470 avaritia
1125 1417 1210 1482 erat,
1231 1431 1303 1474 cum

300 1507 483 1592 plusquam
513 1530 688 1575 concessum
716 1508 815 1571 fuerat
844 1506 1035 1589 concupivit,
1054 1515 1085 1570 et
1101 1507 1170 1569 ideo
1198 1511 1302 1572 omnia

299 1627 445 1672 concessa
465 1612 548 1695 juste
572 1610 701 1680 amisit,
729 1609 767 1670 de
792 1607 850 1670 hac
875 1606 985 1669 dicitur
1007 1628 1062 1689 per
1087 1607 1298 1689 Apostolum:

304 1736 316 1756 u
336 1707 479 1771 Avaritia
498 1717 545 1770 est
560 1708 708 1770 idolorum
730 1707 872 1770 servitus.
893 1738 904 1758 n
925 1706 1077 1782 Quartum
1093 1714 1159 1769 erat
1175 1709 1300 1771 sacrile-

299 1808 401 1888 gium,
418 1830 487 1872 cum
502 1809 631 1871 vetitum
652 1808 683 1869 in
703 1827 790 1870 sacro
806 1807 872 1867 looo
887 1827 942 1889 per
955 1805 1071 1868 furtum
1088 1807 1255 1888 subripuit:
1269 1818 1303 1872 et

299 1908 367 1970 ideo
391 1910 430 1972 de
451 1909 582 1973 sacrario
605 1907 723 1972 excludi
750 1905 878 1978 meruit,
906 1907 944 1967 de
974 1906 1032 1968 boo
1052 1906 1179 1969 dicitur:
1203 1938 1215 1959 u
1239 1909 1303 1986 Qui

299 2006 441 2089 profanat
464 2016 593 2079 sancta,
622 2030 641 2070 e
667 2007 780 2070 sanctis
808 2004 1071 2068 exterminabitur.
1105 2038 1117 2059 n
1148 2007 1303 2084 Quintum

297 2106 355 2169 suit
369 2109 534 2191 spiritualis
550 2107 726 2171 fornicatio:
743 2107 859 2169 Anime
876 2106 956 2167 enirn
972 2105 1052 2167 illius
1064 2113 1131 2168 erat
1146 2107 1217 2168 Deo
1227 2128 1303 2170 con-

296 2206 422 2288 juncta;
450 2210 504 2270 sed
526 2193 596 2270 curn
613 2259 618 2280 ,
637 2215 740 2291 spreto
759 2208 844 2275 Deo.
860 2206 1015 2268 diabolum
1038 2203 1182 2276 admisit,
1211 2208 1303 2288 quasi

298 2325 367 2366 cum
391 2313 538 2369 extraneo
561 2307 742 2370 adulterium
764 2306 932 2375 commisit,
957 2315 988 2368 et
1011 2305 1080 2367 ideo
1099 2306 1170 2395 'veri
1189 2307 1304 2398 sponsi

297 2403 463 2465 amicitiam
487 2404 609 2478 amisit,
635 2405 674 2466 de
692 2405 750 2467 hac
773 2406 909 2467 dicitur:
938 2435 950 2454 u
975 2404 1089 2467 Perdes
1113 2425 1221 2467 omnes
1248 2411 1302 2488 qui

295 2500 483 2563 fornicantur
498 2503 553 2563 abs
568 2509 630 2564 ten·
648 2503 795 2565 Sextum:
811 2503 1004 2567 homicidium
1019 2502 1222 2585 perpetravit,
1239 2527 1303 2587 quo

294 2621 327 2662 se
344 2607 375 2662 et
398 2620 487 2663 omne
510 2622 607 2684 genus
623 2601 788 2665 humanum
810 2604 840 2665 in
864 2613 992 2666 mortem
1012 2603 1236 2686 praecipitavit‚
1263 2607 1304 2668 de

296 2699 353 2762 hoc
364 2699 437 2763 dicit
452 2701 593 2787 Moyses:
611 2732 623 2754 u
639 2703 699 2780 Qui
715 2703 869 2775 occiderit,
883 2710 982 2766 morte
994 2702 1149 2777 morietur,
1168 2737 1181 2757 η
1197 2716 1303 2771 morte

219 2831 224 2844 =
295 2799 410 2864 seilicet
425 2807 540 2864 aeterno
555 2853 561 2877 ‚
580 2803 663 2864 unde
678 2810 710 2865 et
725 2805 756 2864 in
774 2803 910 2866 interiori
925 2802 1047 2865 homine
1064 2823 1136 2864 mox
1148 2814 1198 2866 est
1212 2827 1303 2868 mor-

295 2907 368 2962 tuus
381 2952 387 2973 ,
404 2908 436 2980 et
443 2902 543 2986 jacuit
554 2902 585 2964 in
598 2902 736 2984 sepulcro
748 2902 884 2983 corporis
895 2902 1042 2984 sepultus.

340 3000 381 3061 D.
407 3001 518 3063 Nonne
540 3001 589 3064 ille
604 3002 695 3063 miser
714 3023 733 3063 a
749 3001 935 3083 nequissimo
954 3002 1062 3084 spiritu
1077 3009 1109 3064 et
1122 3005 1303 3070 mendacis·

296 3100 373 3162 simo
396 3109 462 3165 erat
486 3102 650 3165 seductusl
667 3138 706 3148 —
722 3101 768 3164 M.
796 3101 921 3171 Etiam;
940 3102 994 3164 sed
1017 3123 1078 3164 non
1101 3101 1170 3164 ideo
1195 3105 1304 3170 minus

296 3199 353 3263 suit
367 3202 526 3264 obnoxius.
544 3203 579 3265 Si
601 3202 680 3264 enirn
703 3201 771 3283 quis
788 3222 876 3263 servo
889 3222 943 3263 suo
963 3223 1039 3283 opus
1057 3201 1231 3286 injungeret
1245 3256 1253 3276 .
1269 3216 1306 3271 et

295 3308 479 3365 monstraret
494 3302 520 3364 ei
537 3301 656 3366 foveam
670 3322 709 3364 ne
724 3302 807 3364 intus
819 3301 952 3373 caderet,
969 3302 1008 3363 de
1020 3321 1081 3383 qua
1095 3322 1221 3386 surgere
1236 3328 1303 3370 non

294 3406 416 3480 posset:
432 3401 481 3462 ille
496 3421 568 3462 vero
581 3409 755 3483 contempto
767 3400 888 3462 domino
900 3407 1008 3483 sponte
1022 3399 1053 3461 iu
1065 3399 1187 3463 foveam
1202 3406 1302 3468 cade-

294 3504 352 3569 ret,
371 3503 402 3558 et
416 3497 585 3581 injunctum
600 3519 677 3579 opus
691 3499 825 3562 inactum
840 3509 1022 3571 remaneret,
1033 3520 1093 3560 nou
1108 3507 1190 3564 esset
1202 3506 1299 3568 reusl

339 3595 381 3656 D.
408 3595 474 3656 lrno
486 3595 597 3676 duplici
611 3597 698 3678 culpa
717 3607 799 3660 esset
814 3599 995 3662 obstrictus:
1011 3619 1070 3660 una
1084 3650 1089 3668 ,
1105 3620 1166 3680 qua
1180 3601 1301 3667 Domi-

297 3714 370 3756 num
383 3694 583 3776 contempsit3
597 3694 680 3772 elia,
697 3716 759 3776 qua
774 3718 807 3758 se
821 3699 861 3759 ad
875 3697 1042 3782 injunctum
1057 3719 1132 3780 opus
1146 3701 1302 3782 impotem

293 3792 376 3856 fecit.
408 3828 447 3838 —
476 3793 522 3855 Μ.
546 3794 596 3855 Ita
616 3790 687 3856 fecit
711 3795 835 3857 Adam:
866 3797 967 3859 Deum
989 3799 1191 3880 contempsit,
1218 3822 1302 3884 opus

292 3887 471 3950 obedientiae
486 3888 625 3952 deseruit
640 3941 645 3963 ,
664 3889 782 3952 fovearn
797 3893 904 3954 mortis
917 3893 1032 3955 incidit.

337 4195 388 4256 16.
415 4194 462 4255 De
472 4196 694 4279 satisfactione
712 4198 776 4258 Deo
792 4196 971 4258 exbibenda
982 4223 1044 4283 pro
1057 4223 1095 4261 ea
1108 4203 1239 4285 injurta.

337 4295 379 4356 D.
408 4294 499 4371 Quali
517 4297 608 4357 rnodo
626 4299 759 4378 oportuit
779 4318 848 4359 eum
866 4298 994 4360 revertit
1008 4335 1048 4347 —
1060 4301 1105 4362 M.
1121 4301 1294 4376 Honorem,
