3184 5442
292 719 359 782 2‘30
538 735 540 740 ’
669 737 699 778 n.
727 735 902 777 cinnanum

337 878 392 940 29.
421 877 467 938 De
479 875 576 961 digne
588 887 641 935 (ιαε
654 872 784 959 indigne
799 872 1113 950 communicantibus,
1128 887 1184 937 out
1194 885 1301 939 sacri-

291 976 472 1053 fictoribus.

339 1077 380 1140 D.
407 1076 508 1154 Quum
524 1075 693 1138 mercedem
709 1073 865 1137 habebunt
882 1073 934 1156 qui
954 1073 1014 1137 hoc
1030 1073 1121 1159 digne
1135 1075 1296 1139 tractant!

296 1213 339 1225 -
354 1174 400 1239 M.
415 1173 536 1258 Duplici
551 1173 675 1256 praemio
690 1173 981 1235 remunerabuntur:
997 1193 1060 1235 una
1073 1194 1203 1250 corona,
1224 1175 1300 1258 quia

296 1276 352 1339 hoc
364 1296 431 1339 cum
443 1274 639 1337 veneratione
654 1279 788 1337 tractant
798 1294 805 1345 ;
822 1271 929 1347 altera,
942 1271 1015 1355 quia
1024 1293 1058 1336 se
1072 1273 1114 1336 ad
1124 1273 1184 1338 hoc
1194 1274 1300 1360 dignis

223 1383 226 1390 '
296 1375 431 1438 moribus
446 1380 604 1456 coaptant,
618 1373 852 1437 coronabuntur.

340 1476 381 1539 D.
397 1474 479 1553 Quid
491 1474 529 1537 de
540 1474 588 1537 his
599 1473 705 1549 sentis,
715 1471 766 1555 qui
778 1472 836 1536 hoc
848 1471 970 1555 indigne
983 1480 1015 1536 et
1024 1480 1131 1536 contra
1142 1494 1299 1539 canonum

298 1582 415 1638 statuta
429 1573 541 1659 agunt!
557 1609 596 1621 -
614 1573 662 1636 M.
680 1570 742 1649 Qui
760 1577 867 1634 contra
880 1571 932 1655 jus
951 1569 1059 1654 fasque
1079 1570 1110 1634 in
1126 1574 1297 1650 adulterio,

299 1674 514 1750 fornicatione,
531 1681 563 1737 et
577 1673 695 1737 caeteris
712 1669 838 1755 flagitiis
851 1672 949 1733 vitam
964 1671 1079 1734 ducunt
1092 1722 1100 1746 ,
1121 1673 1172 1736 vel
1186 1675 1300 1740 Eccle-

300 1776 377 1848 siaS,
389 1776 438 1839 vel
452 1774 671 1839 ecclesiasticos
685 1771 806 1836 ordines
819 1772 955 1834 vendunt
967 1779 1021 1835 aut
1034 1779 1151 1847 emunt,
1162 1781 1302 1857 etpravo

302 1877 442 1960 exemplo
457 1875 602 1959 populum
618 1873 678 1936 Dei
692 1871 850 1945 occidunt,
865 1880 898 1934 et
912 1871 1015 1934 omnia
1033 1872 1098 1936 haec
1111 1882 1229 1957 temere
1243 1877 1301 1939 de-

302 1976 446 2051 fendunt,
464 1976 496 2039 hi
514 1975 593 2040 tales
615 1981 685 2038 sunt
707 1971 831 2037 Domini
854 1971 1017 2035 traditores
1038 1972 1129 2036 simul
1148 1983 1181 2037 et
1202 1976 1304 2041 cruci-

303 2078 424 2139 fixores

348 2177 390 2239 D.
413 2177 483 2254 Quo
499 2195 590 2238 causa
608 2173 721 2235 debent
738 2173 913 2235 sacerdotes
929 2172 1053 2236 missam
1068 2174 1239 2238 celebraret
1261 2213 1303 2226 -

306 2276 353 2338 M.
370 2258 441 2339 Dei
448 2275 542 2338 solius
557 2294 649 2338 causa
664 2278 695 2334 et
709 2292 771 2334 suae
784 2271 909 2344 salutis,
924 2279 1017 2353 atque
1031 2271 1127 2336 totius
1141 2275 1304 2340 Ecclesiae.

305 2375 368 2437 Sed
382 2375 441 2458 ipsi
452 2374 628 2438 lucricausa
639 2371 849 2446 celebrant,ut
860 2370 1049 2435 videlicetab
1060 2372 1306 2440 hominibusho-

305 2483 461 2547 norentur,
480 2479 511 2535 et
526 2470 743 2554 temporalibus
753 2471 843 2533 rebus
855 2470 1000 2534 ditentur.
1014 2471 1074 2550 Qui
1085 2471 1178 2556 igitur
1189 2487 1310 2560 myste-

307 2572 383 2634 rium
399 2570 548 2654 passionis
563 2569 677 2634 Christi
688 2590 744 2652 pro
760 2568 866 2633 favore
881 2571 1013 2634 hmnano
1025 2580 1057 2636 et
1067 2593 1123 2656 pro
1141 2577 1310 2658 temporali
1377 2563 1382 2570 ’

306 2673 389 2735 lucro
403 2672 557 2743 vendunt,
573 2669 647 2752 quid
660 2668 743 2731 aliud
758 2678 854 2752 ogrmt
868 2690 961 2753 quam
974 2671 1142 2735 Dominum
1158 2675 1309 2740 tradunt!

309 2771 388 2836 Cum
403 2792 476 2835 vero
497 2770 626 2834 sordidis
642 2769 796 2844 manibus,
815 2776 847 2832 et
867 2769 985 2852 polluta
1001 2771 1203 2850 conscientia,
1221 2775 1311 2839 illum

310 2881 443 2937 tractare
467 2879 671 2956 praesumunt,
693 2870 725 2932 in
747 2870 833 2955 cujus
851 2880 1017 2953 conspectu
1037 2892 1094 2936 nec
1115 2873 1184 2936 coeli
1203 2877 1313 2940 mundi

312 2981 398 3047 sunt,
417 2974 490 3057 quid
510 2973 592 3036 aliud
609 2970 738 3046 faciunt,
758 2991 854 3053 quem
872 2970 1038 3035 Dominum
1056 2972 1254 3058 crucifigunt!

356 3074 397 3136 D.
424 3075 533 3138 Potest
547 3071 676 3156 populus
692 3091 732 3133 ex
750 3069 794 3132 eis
813 3069 934 3151 culpam
949 3071 1088 3134 traherel
1107 3109 1145 3121 -
1162 3075 1212 3138 M.
1231 3077 1314 3142 Cum

213 3203 217 3210 ’
313 3174 365 3237 filii
376 3175 450 3238 Heli
463 3175 635 3258 polluerunt
645 3170 769 3235 Domini
780 3170 971 3254 sacrificium,
986 3178 1071 3235 totus
1083 3194 1162 3256 pene
1177 3179 1317 3261 populus

314 3298 382 3340 oum
394 3277 439 3340 eis
448 3275 540 3340 subiit
551 3274 718 3348 interitum,
732 3271 803 3355 quia
817 3269 968 3336 faciebant
979 3281 1085 3336 contro
1096 3274 1173 3358 legis
1183 3276 1317 3343 Domini

314 3384 512 3459 praeceptum.
527 3376 650 3453 Quanto
670 3373 768 3457 magis
786 3371 817 3433 hi
837 3370 890 3454 qui
910 3370 1076 3436 Christiani
1097 3382 1268 3451 vocantur,
1283 3388 1318 3444 et

314 3476 443 3539 ministri
461 3474 574 3538 Christi
595 3495 662 3536 esse
680 3474 839 3545 videntur,
864 3481 896 3535 et
913 3471 1104 3535 fornicationi
1123 3495 1160 3538 ac
1181 3476 1318 3543 luxuriae

314 3576 487 3660 subjacent,
500 3593 612 3635 uxores
633 3573 764 3647 ducunt,
782 3573 860 3635 fihos
882 3593 918 3636 ac
941 3572 1018 3636 filias
1031 3587 1209 3656 procreant;
1230 3582 1319 3662 quod

315 3673 452 3736 illicitum
464 3679 522 3744 est,
536 3692 605 3734 cum
617 3669 778 3735 manifesto
790 3681 892 3736 ratum
904 3679 1007 3736 teneat
1016 3673 1159 3738 universa
1169 3678 1319 3744 Ecclesia

316 3772 399 3857 quod
411 3771 525 3835 dictum
537 3777 585 3834 est
595 3791 614 3832 a
625 3769 758 3833 Domino
769 3764 868 3853 p'rimo
880 3772 1007 3855 pastori,
1022 3773 1137 3838 scilicet
1147 3775 1186 3838 B.
1201 3777 1314 3853 Petro,
1357 3756 1363 3765 .

315 3873 424 3936 deinde
442 3872 759 3956 successoribusque,
776 3872 918 3937 videlicet
932 3873 1120 3957 Apostolicis
1134 3875 1227 3950 viria,
1250 3881 1318 3944 Ar-

315 3974 535 4057 chiepiscopis:
564 4004 575 4024 1·
591 3973 801 4057 Quodcunque
821 3974 965 4059 ligaveris
988 3983 1237 4059 superterram,
1257 3982 1320 4044 erit

315 4075 442 4158 ligatum
458 4073 534 4136 etin
549 4073 650 4146 ooelis;
672 4079 703 4135 et
719 4075 921 4157 quodcunque
933 4075 1060 4138 solveris
1073 4096 1164 4159 super
1181 4084 1317 4155 terram,

316 4175 374 4237 erit
384 4174 515 4254 solutum
524 4175 595 4239 etin
605 4173 688 4237 coelis
700 4206 712 4227 n
728 4197 733 4235 ε
748 4195 783 4238 uc
795 4175 826 4237 in
838 4175 977 4238 omnibus
988 4176 1113 4260 synodis
1123 4175 1185 4241 sint
1194 4198 1322 4243 excom-

319 4275 475 4347 municati,
489 4282 521 4336 et
532 4276 841 4350 excommunicentur,
856 4277 1050 4366 polluuntur:
1063 4277 1135 4339 dum
1148 4277 1322 4342 admonen-
