3184 5442
475 718 562 760 arasa
587 717 625 758 nn
648 717 783 759 coneoau
808 717 845 759 ur
869 719 957 760 sanc.
984 721 1104 763 nomm.
1223 707 1283 769 191

295 861 446 927 sidiceret
454 857 631 943 apparuisse
646 878 715 920 eum
729 877 784 940 per
798 858 952 921 hominem
964 880 1056 942 quem
1067 868 1289 950 assumpsit,et

297 983 389 1047 quem
397 961 549 1026 divinitati
557 981 620 1023 suae
629 960 753 1044 dignum
764 959 968 1024 habitaculum
977 965 1289 1035 consecravit.Habet

297 1071 401 1128 autem
431 1070 463 1125 et
486 1061 561 1124 alias
583 1059 839 1144 significationes,
866 1061 904 1122 de
923 1061 1032 1142 quibus
1052 1064 1128 1128 satis
1152 1071 1290 1151 superius

297 1165 412 1228 dictum
421 1169 479 1226 est.

341 1263 431 1341 Quod
453 1281 527 1324 vero
550 1260 639 1343 panis
658 1259 786 1324 dicitur:
810 1268 954 1324 consueto
979 1281 1133 1326 sacrorum
1151 1268 1288 1333 codicum

297 1383 380 1426 more
401 1362 434 1425 id
446 1363 481 1427 fit
494 1413 500 1438 ‚
519 1361 572 1444 qui
591 1381 640 1423 res
654 1359 805 1443 quaslibet
818 1370 1023 1444 saepe‘vocant
1038 1365 1209 1430 nominibus
1220 1369 1288 1434 illa-

297 1481 365 1526 rum
381 1481 482 1524 rerum
495 1510 502 1533 ,
517 1480 555 1521 ex
567 1459 677 1542 quibus
687 1459 764 1521 fiunt
777 1478 833 1521 seu
851 1479 918 1541 quae
933 1481 1000 1526 esse
1014 1470 1169 1544 putantur,
1187 1475 1218 1531 et
1229 1491 1289 1533 non

296 1569 384 1635 sunt;
398 1561 463 1625 sive
475 1559 586 1643 quibus
599 1558 702 1642 aliquo
714 1559 804 1621 modo
818 1559 934 1627 similes
949 1561 1096 1626 existunt.
1112 1566 1203 1630 Unde
1216 1571 1289 1634 bea-

296 1669 348 1726 tus
361 1660 571 1744 Hieronymus
583 1659 613 1721 in
624 1659 756 1722 secundo
773 1658 1020 1742 explanationum
1039 1661 1115 1725 libro
1131 1664 1163 1726 in
1178 1666 1287 1731 Oseae:
1399 1694 1404 1704 ·

301 1797 313 1813 ··
329 1762 498 1844 Postquam
508 1768 609 1824 autem
623 1778 744 1822 reversa
760 1757 851 1822 fuerit
861 1767 944 1822 terra
960 1759 1115 1825 interram
1134 1784 1222 1828 suam
1236 1818 1242 1840 ‚
1258 1780 1290 1832 et

299 1871 363 1925 tam
383 1878 439 1924 nos
463 1860 515 1943 qui
538 1859 697 1923 scribimus
712 1878 803 1940 quam
828 1878 881 1920 eos
902 1858 954 1941 qui
974 1859 1013 1922 de
1036 1861 1122 1923 nobis
1136 1863 1293 1948 judicant,

297 1961 411 2045 pallida
434 1979 516 2023 mors
538 1957 738 2022 subtraxerit.
776 1988 789 2011 n
821 1958 863 2021 Et
889 1960 1020 2041 superbo
1043 1958 1158 2024 homini
1187 1985 1206 2027 a
1231 1966 1297 2029 viro

298 2061 437 2146 sapiente
454 2060 580 2123 dicitur:
610 2087 623 2110 u
648 2057 730 2135 Quid
754 2056 893 2140 superbis
916 2066 1015 2131 terra.
1043 2067 1075 2123 et
1097 2061 1191 2126 cinis!
1221 2097 1233 2120 η
1256 2066 1298 2129 Et

299 2161 459 2227 Abraham
476 2168 539 2223 tres
555 2159 638 2222 viros
652 2157 765 2220 vidisse
779 2156 902 2240 legitur,
921 2178 990 2221 cum
1003 2167 1105 2223 essent
1120 2164 1236 2246 Angeli.
1250 2167 1299 2230 De

299 2280 362 2346 qua
381 2281 414 2325 re
434 2262 544 2323 beatus
568 2257 771 2343 Augustinus,
789 2258 821 2318 in
839 2258 972 2321 secundo
996 2259 1073 2349 libro
1092 2261 1130 2324 de
1151 2262 1300 2330 Trinitate

301 2361 391 2426 dicite
409 2390 422 2412 u
436 2360 501 2424 Sub
510 2359 577 2422 ilice
590 2366 693 2421 autem
707 2357 856 2420 Mambrae
869 2366 931 2420 tres
945 2358 1028 2422 viros
1038 2360 1116 2424 vidit
1128 2360 1296 2441 Abraham,

301 2461 411 2546 quibus
435 2467 468 2524 et
492 2458 631 2523 invitatis
661 2456 854 2540 hospitioque
876 2459 1027 2542 susceptis
1050 2468 1082 2524 et
1108 2463 1300 2544 epulantibus

258 2616 262 2622 .
301 2560 497 2625 ministravit.
512 2591 525 2613 n
548 2559 591 2622 Et
602 2557 634 2620 in
648 2557 733 2621 libris
747 2557 890 2621 Judicum
906 2559 1013 2623 mulier
1027 2561 1140 2625 sterilis
1152 2564 1192 2627 ad
1203 2568 1301 2630 virum

303 2682 391 2726 suurn
409 2661 448 2724 de
466 2659 587 2742 Angelo
603 2657 691 2722 dicit:
715 2687 728 2710 u
743 2657 801 2721 Vir
815 2657 875 2748 Dei
895 2659 979 2722 venit
993 2660 1033 2722 ad
1044 2681 1105 2723 me.
1119 2693 1132 2714 n
1153 2665 1196 2727 Et
1210 2667 1302 2747 paulo

303 2768 394 2845 post:
415 2759 523 2822 chce
543 2756 685 2839 apparuit
701 2755 775 2818 mihi
788 2756 847 2831 vir,
862 2777 954 2839 quem
971 2766 1043 2822 ante
1059 2759 1195 2825 videram
1215 2795 1240 2827 ».
1260 2769 1303 2832 Et

306 2869 376 2946 post
400 2859 527 2942 aliqua:
562 2887 574 2908 u
602 2859 645 2920 Et
669 2857 826 2922 nesciebat
854 2878 942 2920 mane
972 2859 1055 2941 quod
1077 2862 1216 2944 Angelus
1244 2865 1303 2928 Dei

304 2966 399 3025 esset.
422 2989 435 3013 »
460 2959 504 3022 Et
519 2958 628 3021 beatus
649 2956 860 3042 Hieronymus
879 2957 911 3019 in
931 2958 1038 3020 eodem
1057 2960 1303 3041 explanationum

305 3061 381 3131 libro
406 3077 499 3142 super
520 3057 603 3122 Osea
621 3055 778 3139 Propheta
798 3057 837 3119 de
860 3056 927 3119 Deo
950 3056 1043 3120 dicit:
1067 3089 1080 3109 u
1106 3059 1202 3137 Quasi
1221 3063 1304 3127 tinea

306 3159 433 3224 efficitur
443 3165 476 3221 et
489 3157 635 3240 putredo,
652 3177 713 3219 non
728 3158 811 3240 quod
821 3157 907 3220 Deus
920 3158 1003 3220 tinea
1018 3157 1058 3221 sit
1072 3209 1079 3231 ‚
1091 3160 1140 3222 vel
1154 3163 1300 3242 putredo,

306 3261 360 3324 sed
378 3257 461 3343 quod
474 3255 694 3320 sustinentibus
712 3276 835 3339 poenas,
848 3257 911 3319 haec
933 3256 1074 3320 universa
1097 3257 1266 3326 videantur.
1288 3295 1300 3316 ιι

306 3359 391 3424 Etin
408 3355 578 3441 Evangelio
594 3349 761 3420 'secundum
776 3356 947 3418 loannem:
963 3356 1190 3424 Maledixerunt
1210 3362 1238 3425 ei
1252 3414 1257 3438 ,
1273 3373 1305 3427 et

308 3461 469 3522 dixerunt:
485 3486 499 3509 u
513 3458 562 3521 Tu
571 3455 737 3541 discipulus
748 3456 830 3520 illius
846 3456 888 3520 sis
905 3480 912 3530 ;
929 3488 942 3511 n
958 3478 1028 3522 oum
1039 3480 1099 3523 non
1118 3463 1301 3539 maledictio,

308 3559 363 3620 sed
380 3555 549 3621 benedictio
573 3557 613 3621 sit
639 3577 706 3620 esse
727 3556 910 3640 discipulum
933 3557 1058 3623 Christi.
1087 3560 1178 3624 Unde
1197 3563 1306 3627 beatus

309 3659 499 3741 Augustinus
509 3657 540 3721 in
552 3658 742 3741 expositione
757 3658 893 3743 ejusdem
904 3660 1065 3745 Evangelii
1080 3661 1173 3725 dicit:
1193 3693 1205 3714 u
1230 3664 1306 3727 Tale

309 3757 502 3821 maledictum
512 3778 605 3841 super
620 3779 690 3832 nos,
706 3764 738 3822 et
752 3778 842 3841 super
855 3759 931 3822 filios
951 3768 1083 3824 nostros.
1104 3761 1304 3827 Maledictum

309 3857 446 3921 estenim
466 3858 491 3920 si
507 3877 558 3920 cor
571 3856 716 3920 discutias
730 3908 736 3927 ‚
749 3877 810 3919 non
826 3857 852 3920 si
863 3859 957 3921 verba
980 3861 1162 3942 perpendas
1183 3893 1196 3913 n
1216 3864 1259 3926 Et
1274 3862 1304 3924 in

309 3956 475 4040 Evangelio
496 3957 660 4020 secundum
683 3956 882 4037 Matthaeum,
911 3966 944 4021 et
973 3959 1112 4023 similiter
1138 3962 1303 4025 secundum

307 4058 442 4122 Lucam:
460 4089 472 4110 u
486 4057 520 4120 Si
532 4077 605 4142 ergo
616 4077 672 4119 vos
687 4077 755 4120 cum
769 4057 836 4120 sitis
846 4058 918 4122 mali
929 4059 1042 4133 nostis,
1059 4061 1138 4123 bona
1147 4061 1220 4125 data
1232 4063 1303 4125 dare

308 4158 376 4221 filiis
396 4155 518 4220 vestris.
533 4187 546 4209 n
570 4157 619 4219 De
637 4177 700 4239 qua
711 4157 860 4220 sententia
880 4159 988 4222 beatus
1000 4159 1190 4243 Augustinus
1203 4161 1233 4222 in
1254 4183 1303 4224 se-

308 4258 406 4322 cundo
420 4258 496 4319 libro
514 4257 553 4322 de
568 4277 705 4320 sermone
729 4258 852 4320 Domini
871 4257 914 4320 sic
936 4259 1087 4341 disputat:
1106 4292 1117 4312 ··
1144 4262 1303 4336 Quomodo
