3184 5442
408 742 471 804 17⁶2
786 761 817 800 n.
844 758 1017 801 muranum

407 901 492 962 honae
505 899 702 985 interrogatio
717 899 749 961 in
765 900 879 963 Deum.
898 931 910 952 ν·
931 899 1073 961 Alterum
1090 903 1192 961 tamen
1213 899 1402 984 significatur

407 1019 462 1080 per
477 999 618 1061 alterum.
634 999 716 1061 Nam
731 1019 786 1081 per
801 997 985 1061 ablutionem
1000 1018 1068 1080 quae
1079 998 1196 1080 corpori
1211 1000 1402 1064 extrinsecus

407 1098 577 1173 adhibetur,
591 1097 732 1181 purgatio
747 1097 857 1160 animae
871 1096 1063 1180 exprimitur,
1081 1118 1172 1180 quam
1186 1099 1263 1161 fides
1275 1098 1403 1163 interior

408 1206 562 1281 operatur.
575 1200 774 1280 Vocaturque
788 1199 960 1280 baptismus
971 1199 1046 1260 fides
1060 1198 1225 1261 secundum
1237 1219 1307 1262 eam
1317 1201 1402 1264 locu-

408 1297 498 1360 tionis
511 1297 658 1372 formam,
679 1319 740 1380 qua
760 1297 939 1382 mysterium
956 1299 1021 1383 ejus
1036 1297 1097 1373 rei,
1118 1300 1203 1384 cujus
1218 1300 1403 1383 mysterium

408 1405 471 1473 est,
489 1399 604 1462 censeri
618 1398 741 1461 nomine
760 1399 929 1462 consuevit.
946 1400 1048 1484 Hujus
1065 1398 1110 1460 rei
1128 1420 1220 1462 causa
1234 1399 1403 1464 similitudo

408 1505 455 1561 est
467 1518 558 1581 quam
571 1489 601 1561 in
614 1504 815 1571 sacramenta,
829 1505 860 1561 et
871 1498 903 1560 in
913 1519 947 1561 re
957 1499 1140 1561 sacramenti
1149 1498 1273 1582 reperiri
1281 1520 1405 1581 semper

407 1619 530 1661 necesse
551 1606 609 1660 est.
631 1598 719 1662 Siout
744 1597 776 1659 in
795 1598 966 1680 baptismo,
984 1604 1016 1660 et
1033 1598 1104 1659 fide.
1127 1599 1299 1681 Utrumque
1319 1599 1402 1662 enim

407 1699 501 1774 lavat,
514 1706 635 1782 purgat,
650 1699 802 1781 purificat,
819 1698 894 1761 illud
909 1719 1042 1772 carnem,
1057 1698 1114 1761 hoo
1127 1706 1270 1762 mentem.

451 1798 537 1862 Sicut
548 1820 620 1882 crgo
632 1797 761 1862 coelestis
772 1798 871 1880 panio,
891 1818 959 1879 quae
972 1817 1046 1860 vera
1060 1796 1173 1860 Christi
1187 1819 1256 1861 caro
1272 1806 1330 1874 est,
1346 1822 1402 1863 suo

407 1898 498 1961 modo
521 1906 647 1962 vocatur
671 1919 779 1980 corpus
806 1897 945 1974 Christi,
974 1917 1066 1979 quum
1097 1917 1203 1959 revera
1229 1898 1271 1960 sit
1294 1919 1401 1963 sacra-

407 2005 544 2061 mentum
559 1998 692 2081 corporis
707 1996 831 2070 Christi,
848 1996 927 2059 illius
941 1995 1082 2059 videlicet
1097 1996 1178 2079 quod
1190 1995 1318 2073 visibile,
1331 1999 1401 2080 pal-

407 2097 525 2178 pabile,
541 2097 686 2171 mortale,
706 2097 737 2157 in
754 2116 841 2159 cruce
854 2106 901 2159 est
913 2115 1091 2176 suspensum
1106 2146 1112 2169 ,
1134 2103 1320 2177 vocaturque
1334 2096 1404 2179 ipsa

408 2197 506 2259 carnis
516 2197 610 2278 ipsius
624 2195 809 2269 immolatio,
825 2215 892 2277 qua
904 2195 1069 2258 sacerdotis
1084 2195 1224 2257 manibus
1237 2196 1273 2258 lit
1288 2195 1403 2260 Christi

407 2295 520 2376 passio,
542 2315 633 2368 mors,
655 2293 818 2366 crucifixio,
837 2315 898 2355 non
918 2292 961 2355 rei
980 2293 1120 2366 veritate,
1144 2295 1198 2356 sed
1213 2294 1402 2378 significante

407 2393 553 2477 mysterio
569 2416 575 2454 :
593 2392 637 2455 sic
654 2399 877 2455 sacramentum
889 2393 974 2466 fidei,
990 2394 1072 2475 quod
1083 2393 1237 2477 baptisma
1245 2394 1402 2479 intelligit,

406 2492 481 2555 fides
495 2499 553 2553 est.

455 2801 506 2864 15.
531 2803 675 2865 Bonane.
707 2832 719 2854 u
746 2804 863 2867 Beatus
877 2803 1080 2885 Augustinus
1095 2803 1126 2866 in
1135 2804 1264 2886 epistola
1282 2805 1323 2866 ad
1339 2805 1400 2868 Bo

406 2901 564 2965 nifacium:
583 2904 686 2966 Semel
701 2893 875 2966 immolatus
896 2912 941 2966 est
962 2903 1102 2966 Christus
1116 2903 1147 2965 in
1163 2903 1346 2986 semetipso,
1368 2913 1400 2967 et

406 3005 554 3065 tamenin
569 3011 758 3067 sacramento
774 3025 834 3066 non
850 3003 947 3066 solum
962 3024 1016 3084 per
1032 3024 1136 3067 omnes
1149 3003 1275 3067 Paschae
1287 3003 1398 3066 solem·

407 3100 533 3178 nitates,
551 3105 605 3166 sed
620 3115 651 3167 et
662 3105 744 3167 omni
757 3104 807 3168 die
821 3105 940 3188 populis
954 3103 1138 3166 immolatur.
1157 3136 1169 3157 n

451 3201 571 3266 Intnsa.
597 3204 633 3267 In
649 3205 748 3287 seipso
765 3206 858 3267 semel
872 3204 1045 3266 immolatus
1060 3211 1108 3266 est
1121 3203 1270 3280 Christus,
1286 3203 1359 3286 quia
1369 3203 1399 3265 in

407 3302 650 3366 manifestatione
666 3305 711 3367 sui
724 3305 858 3387 corporis
872 3303 1106 3368 indistinctione
1120 3305 1324 3367 membrorum
1335 3324 1399 3366 om-

407 3401 488 3464 nium
504 3423 594 3465 verus
607 3405 711 3479 Deus,
736 3413 767 3468 et
786 3428 877 3470 verus
897 3406 987 3468 homo
1007 3405 1101 3467 semel
1119 3413 1238 3469 tantum
1259 3405 1291 3466 in
1312 3424 1400 3468 cruce

406 3501 566 3581 pependit,
584 3501 711 3566 offerens
731 3504 865 3587 seipsum
884 3505 971 3569 Patri
987 3505 1117 3568 hostiam
1131 3505 1249 3579 vivam,
1267 3503 1398 3585 passibi-

404 3597 476 3673 lem,
498 3601 668 3676 mortalem,
684 3602 834 3679 vivorum,
852 3626 888 3668 ao
900 3612 1086 3667 mortuorum
1103 3602 1320 3687 redemptionis
1336 3600 1399 3664 effi·
1478 3659 1482 3664 .

405 3717 518 3774 cacem,
544 3720 648 3762 eorum
668 3702 809 3766 videlicet
829 3725 906 3786 quos
925 3703 1019 3766 divini
1034 3703 1149 3766 concilii
1168 3702 1297 3765 altitudo
1317 3700 1399 3764 redi·

404 3798 529 3860 mendas
537 3798 696 3883 judicavit,
715 3801 880 3884 praescivit,
895 3801 1133 3883 pradestinavit,
1151 3801 1284 3877 vocavit,
1300 3799 1400 3863 modis

402 3902 495 3978 atque
506 3900 693 3981 temporibus
707 3900 817 3983 quibus
830 3900 862 3962 id
873 3900 938 3962 fieri
950 3902 1145 3983 congruebat.
1160 3902 1196 3965 In
1207 3907 1399 3964 sacramento

402 4001 505 4058 tamen
524 4000 606 4080 quod
624 3999 656 4061 in
676 4001 764 4088 hujus
788 3999 832 4062 rei
852 4000 1031 4062 memoriam
1051 3998 1225 4083 frequentat
1245 3999 1396 4075 Ecclesia,

404 4115 474 4172 caro
488 4096 613 4160 Domini
627 4099 762 4182 quotidie
775 4098 965 4175 immolatur,
982 4099 1142 4173 dividitur,
1162 4098 1345 4174 comeditur,
1367 4107 1399 4163 et

407 4195 529 4278 sanguis
543 4198 608 4281 ejus
623 4199 660 4261 de
676 4200 767 4263 calice
785 4198 918 4261 fidelium
931 4219 982 4260 ore
996 4207 1130 4280 potatur.
1149 4200 1288 4280 Utraque
1302 4219 1395 4276 vera,

406 4301 534 4377 utraque
550 4298 587 4360 de
601 4300 727 4383 Virgine
743 4307 876 4382 sumpta.
895 4298 1032 4361 Sumitur
1050 4300 1172 4381 quidem
1187 4319 1257 4362 caro
1273 4318 1328 4381 per
1342 4318 1395 4373 se,
