3184 5442
381 716 469 756 uiuae
494 717 533 757 ua
557 716 693 757 consona
717 715 755 758 ΕΤ
779 716 868 756 sanc.
896 715 1018 756 norrun.
1135 693 1194 754 181

201 853 272 925 bra,
301 852 412 918 hocin
434 853 634 917 veritate-Si
659 854 732 916 illud
758 855 841 937 quod
866 853 985 916 miraris
1005 854 1113 914 umbra
1132 861 1196 925 est,

201 957 350 1032 quantum
363 951 445 1015 istud
460 955 545 1038 cujus
560 960 592 1016 et
607 954 746 1016 umbram
761 953 890 1023 miraris.
910 986 923 1006 n
942 955 985 1016 Et
999 953 1091 1035 paulo
1105 960 1176 1034 post
1192 973 1197 1012 :

206 1081 218 1103 «
236 1050 415 1136 Cognovisti
428 1053 650 1134 praestantiora.
666 1054 773 1117 Potior
786 1054 897 1117 estlux
908 1074 1000 1136 quam
1010 1053 1128 1127 umbra,
1145 1073 1197 1113 ve-

202 1149 278 1213 ritas
292 1171 384 1233 quam
401 1153 497 1235 figura
513 1175 518 1213 :
535 1173 644 1235 corpus
660 1154 804 1229 auctoris,
823 1175 915 1236 quam
931 1173 1043 1215 manna
1058 1152 1095 1214 de
1110 1152 1197 1215 coelo.

202 1249 297 1313 Forte
314 1250 414 1326 dicas,
435 1251 531 1314 Aliud
546 1252 651 1326 video,
672 1254 825 1336 quomodo
844 1261 880 1315 tu
896 1252 970 1315 mihi
988 1252 1099 1316 asseris
1120 1255 1201 1335 quod

203 1348 316 1413 Christi
337 1371 446 1434 corpus
464 1353 629 1435 accipiaml
652 1356 696 1417 Et
711 1354 768 1431 hoo
783 1353 871 1417 nobis
892 1353 991 1416 adhuc
1011 1359 1150 1435 superest
1166 1361 1202 1415 ut

203 1452 376 1530 probemus.
395 1451 527 1530 Quantis
536 1451 630 1537 igitur
641 1454 756 1534 utimur
765 1452 917 1536 exemplis
927 1460 961 1516 ut
970 1453 1132 1535 probemus
1140 1472 1200 1513 non

204 1549 261 1612 hoc
273 1571 351 1626 esse,
367 1552 449 1634 quod
459 1558 571 1614 natura
583 1552 738 1628 formavit,
755 1553 811 1615 sed
822 1552 904 1636 quod
915 1551 1084 1615 benedictio
1097 1572 1200 1615 conse-

204 1649 302 1712 cravit
319 1672 326 1712 ε
343 1652 551 1736 majoremque
563 1653 625 1715 vim
637 1673 703 1715 esse
715 1651 943 1722 benedictionis,
961 1672 1054 1734 quam
1067 1658 1195 1723 naturae,
1291 1682 1296 1691 =

204 1749 277 1832 quia
286 1751 495 1815 benedictione
507 1752 600 1815 etiam
614 1760 725 1815 natura
738 1751 807 1835 ipsa
818 1758 964 1814 mutatur.
977 1751 1106 1835 Virgam
1117 1759 1202 1813 tene-

203 1852 258 1913 bat
277 1849 419 1935 Moyses,
441 1853 569 1936 projecit
590 1872 675 1925 eam,
697 1860 729 1915 et
752 1851 834 1915 facta
857 1857 905 1914 est
926 1871 1062 1933 serpens·
1081 1850 1200 1912 Rursus

202 1949 364 2032 prehendit
383 1953 510 2022 caudam
532 1953 693 2035 serpentis,
715 1959 747 2015 et
770 1951 802 2013 in
819 1951 914 2034 virgae
936 1959 1077 2014 naturam
1096 1970 1198 2012 rever-

203 2050 289 2113 titur.
317 2050 414 2114 Vides
437 2050 530 2134 igitur
561 2051 739 2135 prophetica
763 2050 864 2132 gratia
889 2049 936 2113 his
957 2057 1108 2113 mutatam
1131 2071 1199 2112 esse
1280 2073 1283 2079 ·

202 2157 342 2212 naturam
363 2158 394 2213 et
414 2150 582 2233 serpentis,
608 2158 640 2214 et
663 2151 773 2234 virgae;
798 2152 961 2213 currebant
980 2149 1116 2234 AEgypti
1140 2147 1199 2212 flu·

203 2249 285 2311 mina
304 2269 381 2332 puro
403 2271 552 2332 aquarum
567 2259 681 2314 meatu.
702 2250 811 2314 Subito
826 2251 864 2313 de
879 2249 1007 2313 fontium
1023 2250 1110 2313 venis
1127 2271 1200 2312 san-

202 2347 269 2429 guis
283 2348 376 2432 coepit
395 2371 565 2433 erumpere.
583 2351 655 2414 Non
671 2360 737 2414 erat
750 2359 840 2432 potus
855 2351 886 2412 in
899 2348 1013 2424 fluviis
1028 2350 1146 2413 Rursus
1160 2352 1199 2413 ad

200 2447 365 2530 Prophetae
379 2470 471 2514 voces
485 2472 573 2514 cruor
593 2451 725 2514 cessavit
738 2449 910 2527 fluminum,
930 2472 1078 2534 aquarum
1090 2459 1199 2515 natura

201 2550 359 2613 remeavit.

247 2650 308 2712 His
322 2658 354 2712 et
368 2649 436 2713 aliis
454 2650 624 2736 hujusmodi
647 2651 815 2727 miraculis,
841 2673 908 2735 quae
923 2651 1066 2715 ineffabili
1086 2652 1197 2715 divini-

203 2748 276 2814 tatis
293 2749 468 2832 operatione
489 2752 582 2826 finnt,
602 2753 751 2815 enarratis
774 2775 781 2815 τ
807 2760 878 2835 post
899 2751 1000 2834 aliqua
1019 2752 1195 2837 subjungit:

205 2879 218 2904 «ι
237 2849 436 2912 Advertimus
448 2850 541 2934 igitur
553 2851 675 2936 majoris
691 2872 758 2914 esse
770 2852 914 2935 gratiam,
933 2870 1026 2933 quam
1041 2858 1194 2923 naturam,

202 2956 234 3012 et
250 2949 348 3012 adhuc
363 2955 465 3012 tamen
481 2950 668 3033 propheticae
681 2950 899 3013 benedictionis
914 2969 1110 3010 numeramus
1121 2969 1192 3032 gra-

203 3049 287 3112 tiam.
301 3050 426 3128 Quodsi
437 3057 557 3113 tantum
567 3050 664 3113 valuit
675 3051 808 3112 humana
819 3047 997 3120 benedictio,
1008 3055 1043 3109 ut
1054 3054 1195 3110 naturam

201 3157 400 3223 converteret,
419 3150 491 3232 qnid
505 3152 633 3214 dicimus
645 3153 683 3214 de
696 3151 763 3234 ipsa
777 3147 1002 3213 consecratione
1014 3147 1127 3221 divina,
1144 3147 1195 3208 ubi

201 3251 295 3312 verba
303 3250 371 3332 ipsa
381 3250 506 3313 Domini
515 3251 685 3315 Salvatoris
696 3247 964 3334 operanturlNam
974 3253 1211 3309 sacramentum*

201 3351 283 3413 istud
293 3350 374 3431 quod
382 3349 505 3431 accipis,
518 3350 632 3415 Christi
643 3371 782 3413 sermone
798 3347 962 3413 conficitur.
981 3346 1070 3426 Quod
1085 3345 1111 3408 si
1126 3354 1196 3408 tan-

201 3461 266 3512 tum
284 3447 380 3512 valuit
395 3468 494 3511 sermo
508 3449 608 3512 Heliae
621 3457 656 3512 ut
670 3449 772 3533 ignem
787 3449 826 3510 de
839 3447 914 3511 coelo
934 3447 1099 3528 deponeret
1113 3467 1119 3506 τ
1133 3466 1194 3508 nou

201 3549 314 3613 valebit
332 3548 445 3613 Christi
465 3569 565 3611 sermo
587 3556 623 3612 ut
642 3549 758 3634 species
777 3556 877 3610 mutet
896 3546 1129 3610 elementoruml
1146 3547 1196 3610 De

202 3649 295 3712 totius
309 3646 414 3710 mundi
425 3646 566 3729 operibus
577 3647 693 3731 legisti,
706 3648 787 3725 Quia
798 3647 864 3729 ipse
876 3646 954 3709 dixit
970 3653 1002 3708 et
1014 3645 1096 3709 facta
1109 3654 1191 3722 sunt,
1214 3692 1222 3697 -

202 3747 358 3812 mandavit
372 3756 402 3810 et
417 3755 521 3811 creata
536 3754 615 3810 sunt.
633 3749 741 3811 Sermo
755 3767 829 3832 ergo
844 3746 958 3810 Christi
974 3745 1026 3829 qui
1042 3747 1142 3830 potuit
1155 3769 1192 3811 ex

201 3848 295 3910 nihilo
309 3846 408 3910 facere
423 3849 490 3928 qbae
509 3867 569 3909 non
587 3854 689 3918 eraut,
713 3868 773 3908 non
787 3854 891 3930 potest
904 3867 941 3909 ea
955 3866 1022 3927 quae
1036 3846 1150 3910 suntin
1165 3848 1196 3910 id

201 3955 319 4011 mutare
334 3947 416 4029 quod
431 3967 491 4008 non
506 3947 609 4010 erantl
627 3948 699 4012 Non
715 3947 795 4010 enim
815 3947 915 4010 minus
932 3955 980 4010 est
996 3968 1092 4010 novas
1107 3949 1197 4010 rebus

200 4049 273 4111 dare
288 4069 381 4131 quam
399 4054 518 4109 mutare
534 4055 671 4111 naturas.
693 4049 756 4111 Sed
772 4048 854 4130 quod
869 4047 1056 4131 argumentis
1070 4047 1194 4121 utimur,

201 4147 264 4211 suis
280 4156 400 4211 utamur
416 4146 577 4226 exemplis,
590 4147 867 4230 incarnationisque
877 4156 1049 4210 astruamus
1061 4148 1197 4229 mysterii

202 4247 375 4310 veritatem.
391 4245 537 4326 Nunquid
550 4257 667 4310 naturoo
678 4269 751 4311 usus
763 4246 933 4329 processit,
947 4267 1015 4308 cum
1031 4246 1121 4308 Jesus
1136 4245 1197 4305 Do·
