3184 5442
394 714 483 762 ursan
505 720 544 761 na
566 720 702 761 corrone
724 721 762 763 ar
785 720 873 762 sanc.
904 724 1022 766 oonmr.
1144 710 1207 772 177

216 861 411 946 cipientibus,
436 868 528 944 atque
551 862 756 925 annitentibus
777 863 907 937 indicta,
932 886 969 928 ao
989 867 1142 933 celebrata
1164 879 1214 935 est

215 963 351 1048 synodus
368 961 537 1044 Ephesina,
552 983 613 1025 una
627 963 665 1025 de
677 971 807 1045 quatuor
826 985 901 1046 quas
921 967 1029 1028 beatus
1043 968 1211 1053 Gregorius

216 1063 246 1126 in
269 1061 398 1145 epistola
420 1060 459 1123 ad
478 1060 674 1124 Patriarchas
695 1059 810 1125 fatetur
828 1063 921 1125 scita
938 1065 1107 1148 suscipere,
1130 1091 1214 1133 com-

217 1162 323 1246 plecti,
345 1167 376 1223 et
397 1159 549 1232 venerari;
569 1162 825 1243 quemadmodum
842 1175 948 1226 sancta
962 1174 1091 1246 quatuor
1106 1170 1213 1233 Evan-

218 1263 297 1348 gelia
311 1260 434 1324 Domini
448 1259 544 1322 nostri
560 1261 636 1323 Jesu
652 1261 777 1324 Christi.
799 1262 835 1324 In
854 1284 915 1344 qua
929 1265 1047 1348 synodo
1063 1267 1215 1332 damnatae

218 1371 289 1426 sunt
302 1368 439 1444 utraeque
452 1361 590 1444 superius
602 1362 826 1444 comprehensae
840 1363 967 1427 lethales
982 1372 1104 1446 pestes,
1121 1369 1212 1430 robo-

218 1468 286 1525 rata
296 1466 346 1524 est
357 1461 443 1535 fides,
456 1481 517 1542 qua
530 1460 680 1523 credimus
689 1481 800 1542 panem
810 1461 945 1525 converti
953 1462 985 1524 in
997 1484 1065 1526 eam
1077 1486 1210 1541 carnem,

220 1581 287 1644 quae
300 1560 434 1637 ingcruce
447 1559 609 1641 pependit,
627 1559 792 1642 vinumque
811 1560 842 1621 in
862 1581 931 1624 eum
946 1563 1141 1646 sanguinem,
1162 1568 1215 1649 qui

219 1660 258 1722 de
282 1657 441 1742 pendentis
456 1658 488 1719 in
509 1677 597 1720 cruce
618 1658 712 1720 latere
735 1658 901 1723 emanavit.
929 1661 1070 1744 Denique
1095 1664 1215 1728 ducenti

220 1759 272 1843 qui
287 1758 385 1822 eidem
398 1756 523 1822 concilio
536 1755 699 1820 interfuere
714 1759 871 1840 Episcopi,
888 1759 968 1823 inter
982 1767 1092 1824 caetera
1105 1764 1144 1825 de
1159 1764 1214 1828 hoc

220 1865 410 1942 sacramento
434 1856 701 1939 descripserunt,
725 1865 756 1920 et
778 1857 922 1922 Nestorio
946 1859 1098 1943 Episcopo
1127 1864 1214 1944 quasi

221 1957 429 2022 haereticorum
444 1955 537 2039 capiti
552 1956 801 2018 transmiserunt:
822 1986 834 2008 u
849 1958 903 2020 Ad
913 1958 1148 2033 benedictiones,
1166 1961 1213 2022 in-

222 2056 345 2140 quiunt,
369 2057 516 2141 mysticas
538 2055 727 2126 accedimus
751 2061 783 2118 et
806 2054 1029 2118 sanctificamur
1051 2059 1215 2142 participes

221 2156 318 2221 sancti
332 2155 481 2239 corporis,
504 2162 536 2218 et
553 2154 678 2237 pretiosi
693 2154 850 2238 sanguinis
865 2155 980 2219 Christi
991 2157 1125 2220 omniurn
1142 2180 1214 2224 nos·

221 2264 302 2320 trum
329 2253 544 2337 Redemptoris
569 2252 679 2317 effecti.
712 2253 784 2317 Non
815 2261 850 2316 ut
879 2275 1068 2318 communem
1091 2278 1215 2321 camem

220 2356 438 2439 percipientes;
453 2354 535 2437 quod
552 2355 647 2428 absit,
665 2374 721 2417 nec
737 2361 771 2416 ut
786 2353 843 2416 viri
862 2355 1057 2429 sanctificati,
1076 2365 1107 2420 et
1121 2361 1214 2422 verbo

221 2455 371 2541 conjuncti
398 2454 563 2518 secundum
587 2453 744 2537 dignitatis
767 2453 934 2529 unitatem,
956 2462 1009 2517 aut
1031 2455 1108 2520 siout
1134 2458 1214 2520 divi-

222 2577 293 2619 nam
319 2553 502 2638 possidentis
531 2552 767 2626 habitationem,
793 2552 847 2614 sed
873 2573 945 2614 vere
968 2554 1210 2632 vivificatricem,

221 2663 253 2718 et
265 2655 360 2738 ipsius
377 2653 460 2717 verbi
473 2651 627 2735 propriam
645 2649 769 2714 factam.
788 2650 864 2713 Vita
883 2651 963 2714 enirn
984 2655 1161 2718 naturaiiter
1179 2668 1214 2720 ut

221 2755 306 2817 Deus
318 2753 462 2826 existens,
481 2752 554 2834 quia
566 2749 694 2833 propriae
704 2749 787 2814 carni
799 2750 901 2812 unitus
912 2758 971 2825 est,
986 2751 1212 2818 vivificatricem

223 2874 290 2916 eam
304 2873 372 2916 esse
387 2850 541 2934 professus
561 2857 620 2914 est.
647 2850 690 2913 Et
711 2850 780 2913 ideo
806 2849 946 2931 quamvis
968 2850 1050 2913 dicat
1071 2853 1110 2916 ad
1133 2874 1211 2916 nos:

223 2953 339 3028 Amen,
357 2972 447 3014 amen
464 2950 531 3013 dico
544 2949 646 3024 vobis,
667 2949 725 3011 nisi
744 2948 999 3011 manducaveritis
1020 2969 1140 3013 carnem
1159 2954 1211 3016 filii
1233 2942 1236 2947 ’

139 3069 143 3076 ·
222 3051 362 3126 hominis,
380 3058 412 3114 et
425 3049 560 3128 biberitis
577 3050 642 3135 ejus
656 3048 851 3133 sanguinem,
871 3053 1051 3110 nontamen
1075 3069 1159 3122 cam,
1178 3062 1212 3114 ut

223 3151 351 3214 hominis
359 3150 448 3213 unius
459 3171 499 3212 ex
508 3149 594 3212 nobis
605 3148 780 3212 existimare
791 3148 936 3209 debemus
945 3146 1118 3228 (Quomodo
1130 3149 1210 3212 enim

217 3251 308 3335 juxta
321 3257 464 3314 naturam-
476 3271 562 3313 suam
576 3249 757 3313 vivificatrix
768 3268 836 3310 esse
844 3267 915 3311 caro
924 3246 1053 3310 hominis
1064 3249 1209 3333 poteritt)

222 3350 284 3414 Sed
303 3357 339 3413 ut
358 3370 430 3413 vere
449 3348 602 3432 propriam
624 3349 689 3433 ejus
705 3346 836 3422 factam,
856 3346 908 3429 qui
924 3352 1054 3429 propter
1063 3368 1119 3410 nos
1133 3350 1211 3414 fihus

221 3450 361 3523 hominis
376 3459 408 3513 et
418 3448 517 3513 factus
530 3457 588 3523 est,
603 3455 635 3512 et
649 3454 787 3512 vocatus.
804 3477 816 3498 u
830 3450 872 3510 Et
885 3446 964 3509 circa
973 3448 1063 3510 finem
1073 3449 1206 3513 concilii:

227 3580 240 3602 κ
252 3550 286 3614 si
301 3549 368 3633 quis
378 3570 439 3612 non
451 3551 609 3613 confitetur
622 3567 744 3612 earnem
754 3546 878 3610 Domini
889 3545 1115 3611 vivificatricem
1129 3570 1208 3626 esse,

223 3659 254 3713 et
267 3649 419 3734 propriam
430 3649 525 3733 ipsius
533 3648 627 3712 Verbi
637 3647 696 3711 Dei
705 3646 819 3722 Patris,
834 3647 887 3708 sed
901 3647 986 3709 velut
998 3647 1123 3710 alterius
1136 3671 1212 3730 prae-

222 3757 268 3813 ter
278 3750 378 3832 ipsum
393 3749 544 3836 conjuncti
563 3749 661 3811 eidem
677 3767 732 3830 per
744 3747 943 3831 dignitatem,
961 3754 1015 3808 aut
1029 3748 1117 3828 quasi
1131 3749 1210 3813 divi·

222 3869 292 3912 nam
310 3848 449 3912 habentis
466 3848 699 3919 habitationem,
724 3867 760 3910 ac
780 3866 842 3908 non
865 3845 967 3926 potius
985 3845 1210 3912 vivificatricem

221 3965 299 4018 esse,
317 3944 389 4027 quia
399 3942 481 4009 facta
501 3952 549 4007 est
561 3944 683 4027 propria
698 3942 790 4006 Verbi
808 3941 960 4005 vivificare
977 3942 1124 4013 valentis.
1140 3965 1199 4012 ana

221 4043 325 4107 thema
338 4044 390 4108 sit.
409 4077 422 4100 n
441 4044 523 4122 Quid
534 4043 722 4108 manifestius
738 4042 843 4106 audire
857 4041 1029 4114 desideras,
1050 4042 1076 4104 si
1094 4045 1206 4108 studio·

221 4165 288 4207 sum
298 4164 385 4206 novoe
396 4143 595 4208 contentionis
609 4142 743 4206 animum
758 4141 859 4205 studio
875 4141 1009 4223 antiquae
1022 4141 1107 4222 pacis
1120 4145 1212 4208 omit-

220 4243 284 4306 tast
299 4244 371 4307 Non
386 4250 483 4308 estut
497 4249 601 4307 sancta
616 4243 749 4326 synodus
760 4240 865 4303 definit
879 4239 943 4302 haec
954 4260 1024 4301 caro
1036 4239 1161 4325 alicujus
1172 4246 1210 4306 de

1074 4345 1104 4390 ra
