<?xml version="1.0" encoding="UTF-8"?>
<!DOCTYPE html PUBLIC "-//W3C//DTD XHTML 1.0 Transitional//EN"
    "http://www.w3.org/TR/xhtml1/DTD/xhtml1-transitional.dtd">
<html xmlns="http://www.w3.org/1999/xhtml" xml:lang="en" lang="en">
 <head>
  <title>
</title>
<meta http-equiv="Content-Type" content="text/html;charset=utf-8" />
  <meta name='ocr-system' content='tesseract 3.04.00' />
  <meta name='ocr-capabilities' content='ocr_page ocr_carea ocr_par ocr_line ocrx_word'/>
</head>
<body>
  <div class='ocr_page' id='page_1' title='image "./operaquaesupers00lanfgoog_0013.png"; bbox 0 0 3184 5442; ppageno 0'>
   <div class='ocr_carea' id='block_1_1' title="bbox 536 1331 1026 1426">
    <p class='ocr_par' dir='ltr' id='par_1_1' title="bbox 536 1331 1026 1426">
     <span class='ocr_line' id='line_1_1' title="bbox 536 1331 1026 1426; baseline 0.002 -4"><span class='ocrx_word' id='word_1_1' title='bbox 536 1333 660 1423; x_wconf 90' lang='lat' dir='ltr'>DIVI</span> <span class='ocrx_word' id='word_1_2' title='bbox 698 1331 1026 1426; x_wconf 78' lang='lat' dir='ltr'>LANFRANCI</span> 
     </span>
    </p>
   </div>
   <div class='ocr_carea' id='block_1_2' title="bbox 144 1660 151 1735">
    <p class='ocr_par' dir='ltr' id='par_1_2' title="bbox 144 1660 151 1735">
     <span class='ocr_line' id='line_1_2' title="bbox 144 1660 151 1735; baseline 0 0"><span class='ocrx_word' id='word_1_3' title='bbox 144 1660 151 1735; x_wconf 63' lang='grc' dir='ltr'><em>ἓ</em></span> 
     </span>
    </p>
   </div>
   <div class='ocr_carea' id='block_1_3' title="bbox 351 1728 1352 1880">
    <p class='ocr_par' dir='ltr' id='par_1_3' title="bbox 351 1728 1352 1880">
     <span class='ocr_line' id='line_1_3' title="bbox 351 1728 1352 1880; baseline 0.006 -24"><span class='ocrx_word' id='word_1_4' title='bbox 351 1728 604 1856; x_wconf 80' lang='lat' dir='ltr'><strong>OPERA</strong></span> <span class='ocrx_word' id='word_1_5' title='bbox 649 1729 837 1880; x_wconf 83' lang='lat' dir='ltr'><strong>QUAE</strong></span> <span class='ocrx_word' id='word_1_6' title='bbox 881 1734 1213 1862; x_wconf 82' lang='grc' dir='ltr'><strong>ΕΧΤᾹΝΤ.</strong></span> <span class='ocrx_word' id='word_1_7' title='bbox 1350 1809 1352 1816; x_wconf 93' lang='grc'>-</span> 
     </span>
    </p>
   </div>
   <div class='ocr_carea' id='block_1_4' title="bbox 698 2103 861 2128">
    <p class='ocr_par' dir='ltr' id='par_1_4' title="bbox 698 2103 861 2128">
     <span class='ocr_line' id='line_1_4' title="bbox 698 2103 861 2128; baseline 0.006 -4"><span class='ocrx_word' id='word_1_8' title='bbox 698 2103 861 2128; x_wconf 52' lang='lat'><strong>⁴000—-</strong></span> 
     </span>
    </p>
   </div>
   <div class='ocr_carea' id='block_1_5' title="bbox 422 2331 1131 2402">
    <p class='ocr_par' dir='ltr' id='par_1_5' title="bbox 422 2331 1131 2402">
     <span class='ocr_line' id='line_1_5' title="bbox 422 2331 1131 2402; baseline 0.004 -9"><span class='ocrx_word' id='word_1_9' title='bbox 422 2331 637 2396; x_wconf 83' lang='lat' dir='ltr'><strong>COMMENT·</strong></span> <span class='ocrx_word' id='word_1_10' title='bbox 657 2333 699 2397; x_wconf 88' lang='lat' dir='ltr'><strong>lN</strong></span> <span class='ocrx_word' id='word_1_11' title='bbox 716 2334 748 2396; x_wconf 92' lang='lat' dir='ltr'><strong>B.</strong></span> <span class='ocrx_word' id='word_1_12' title='bbox 769 2335 893 2400; x_wconf 83' lang='lat' dir='ltr'>PAULI</span> <span class='ocrx_word' id='word_1_13' title='bbox 913 2336 1131 2402; x_wconf 81' lang='lat' dir='ltr'><strong>EPISTOLAS.</strong></span> 
     </span>
    </p>
   </div>
   <div class='ocr_carea' id='block_1_6' title="bbox 551 2586 998 2639">
    <p class='ocr_par' dir='ltr' id='par_1_6' title="bbox 551 2586 998 2639">
     <span class='ocr_line' id='line_1_6' title="bbox 551 2586 998 2639; baseline 0.013 -6"><span class='ocrx_word' id='word_1_14' title='bbox 551 2589 572 2636; x_wconf 91' lang='lat'><strong>1.</strong></span> <span class='ocrx_word' id='word_1_15' title='bbox 593 2586 628 2634; x_wconf 82' lang='lat' dir='ltr'><strong>IN</strong></span> <span class='ocrx_word' id='word_1_16' title='bbox 646 2588 743 2636; x_wconf 84' lang='lat' dir='ltr'><strong>EPIST.</strong></span> <span class='ocrx_word' id='word_1_17' title='bbox 764 2589 810 2636; x_wconf 77' lang='lat' dir='ltr'><strong>An</strong></span> <span class='ocrx_word' id='word_1_18' title='bbox 827 2590 998 2639; x_wconf 69' lang='lat' dir='ltr'><strong>nomos,</strong></span> 
     </span>
    </p>
   </div>
   <div class='ocr_carea' id='block_1_7' title="bbox 281 2799 1273 2986">
    <p class='ocr_par' dir='ltr' id='par_1_7' title="bbox 281 2799 1273 2986">
     <span class='ocr_line' id='line_1_7' title="bbox 325 2799 1273 2889; baseline 0.011 -24"><span class='ocrx_word' id='word_1_19' title='bbox 325 2800 464 2887; x_wconf 79' lang='lat' dir='ltr'><strong>Epistola</strong></span> <span class='ocrx_word' id='word_1_20' title='bbox 482 2799 547 2864; x_wconf 85' lang='lat' dir='ltr'><strong>haeo</strong></span> <span class='ocrx_word' id='word_1_21' title='bbox 567 2800 690 2883; x_wconf 84' lang='lat' dir='ltr'><strong>ponitur</strong></span> <span class='ocrx_word' id='word_1_22' title='bbox 708 2802 808 2886; x_wconf 84' lang='lat' dir='ltr'><strong>prima</strong></span> <span class='ocrx_word' id='word_1_23' title='bbox 826 2811 951 2889; x_wconf 79' lang='lat' dir='ltr'><strong>proptor</strong></span> <span class='ocrx_word' id='word_1_24' title='bbox 975 2805 1118 2872; x_wconf 83' lang='lat' dir='ltr'><strong>honorem</strong></span> <span class='ocrx_word' id='word_1_25' title='bbox 1141 2808 1273 2875; x_wconf 82' lang='lat' dir='ltr'><strong>civitatis</strong></span> 
     </span>
     <span class='ocr_line' id='line_1_8' title="bbox 281 2900 1245 2986; baseline 0.007 -21"><span class='ocrx_word' id='word_1_26' title='bbox 281 2903 311 2965; x_wconf 88' lang='lat' dir='ltr'><strong>in</strong></span> <span class='ocrx_word' id='word_1_27' title='bbox 327 2922 388 2986; x_wconf 84' lang='lat' dir='ltr'><strong>qua</strong></span> <span class='ocrx_word' id='word_1_28' title='bbox 400 2901 566 2986; x_wconf 83' lang='lat' dir='ltr'><strong>primatum</strong></span> <span class='ocrx_word' id='word_1_29' title='bbox 586 2900 681 2965; x_wconf 81' lang='lat' dir='ltr'><strong>totius</strong></span> <span class='ocrx_word' id='word_1_30' title='bbox 693 2902 836 2966; x_wconf 81' lang='lat' dir='ltr'>Ecclesiae</span> <span class='ocrx_word' id='word_1_31' title='bbox 850 2904 946 2968; x_wconf 87' lang='lat' dir='ltr'><strong>voluit</strong></span> <span class='ocrx_word' id='word_1_32' title='bbox 960 2925 1027 2969; x_wconf 83' lang='lat' dir='ltr'>esse</span> <span class='ocrx_word' id='word_1_33' title='bbox 1039 2907 1135 2971; x_wconf 77' lang='lat' dir='ltr'><strong>Deus.</strong></span> <span class='ocrx_word' id='word_1_34' title='bbox 1241 2931 1245 2937; x_wconf 90' lang='lat'>·</span> 
     </span>
    </p>
   </div>
   <div class='ocr_carea' id='block_1_8' title="bbox 717 3190 835 3231">
    <p class='ocr_par' dir='ltr' id='par_1_8' title="bbox 717 3190 835 3231">
     <span class='ocr_line' id='line_1_9' title="bbox 717 3190 835 3231; baseline -0.008 -1"><span class='ocrx_word' id='word_1_35' title='bbox 717 3190 786 3230; x_wconf 77' lang='lat' dir='ltr'>CAP.</span> <span class='ocrx_word' id='word_1_36' title='bbox 814 3190 835 3231; x_wconf 88' lang='lat'><strong>1.</strong></span> 
     </span>
    </p>
   </div>
   <div class='ocr_carea' id='block_1_9' title="bbox 149 3366 1364 4316">
    <p class='ocr_par' dir='ltr' id='par_1_9' title="bbox 331 3366 1272 3454">
     <span class='ocr_line' id='line_1_10' title="bbox 331 3366 1272 3454; baseline 0.009 -24"><span class='ocrx_word' id='word_1_37' title='bbox 331 3369 479 3432; x_wconf 72' lang='lat' dir='ltr'><strong>Vocatus.</strong></span> <span class='ocrx_word' id='word_1_38' title='bbox 494 3366 506 3454; x_wconf 86' lang='lat'>]</span> <span class='ocrx_word' id='word_1_39' title='bbox 521 3368 578 3432; x_wconf 87' lang='lat' dir='ltr'><strong>Vel</strong></span> <span class='ocrx_word' id='word_1_40' title='bbox 593 3369 632 3432; x_wconf 83' lang='lat' dir='ltr'><strong>ab</strong></span> <span class='ocrx_word' id='word_1_41' title='bbox 643 3367 816 3432; x_wconf 85' lang='lat' dir='ltr'><strong>hominibus</strong></span> <span class='ocrx_word' id='word_1_42' title='bbox 829 3373 972 3454; x_wconf 81' lang='lat' dir='ltr'><strong>vocatus,</strong></span> <span class='ocrx_word' id='word_1_43' title='bbox 990 3370 1039 3433; x_wconf 86' lang='lat' dir='ltr'><strong>vel</strong></span> <span class='ocrx_word' id='word_1_44' title='bbox 1048 3369 1150 3454; x_wconf 86' lang='lat' dir='ltr'><strong>potius</strong></span> <span class='ocrx_word' id='word_1_45' title='bbox 1161 3372 1272 3439; x_wconf 76' lang='lat' dir='ltr'><strong>adhoc</strong></span> 
     </span>
    </p>

    <p class='ocr_par' dir='ltr' id='par_1_10' title="bbox 283 3465 1272 3555">
     <span class='ocr_line' id='line_1_11' title="bbox 283 3465 1272 3555; baseline 0.005 -22"><span class='ocrx_word' id='word_1_46' title='bbox 283 3475 407 3534; x_wconf 80' lang='lat' dir='ltr'><strong>vocatus</strong></span> <span class='ocrx_word' id='word_1_47' title='bbox 421 3474 457 3533; x_wconf 85' lang='lat' dir='ltr'><strong>ut</strong></span> <span class='ocrx_word' id='word_1_48' title='bbox 471 3467 513 3531; x_wconf 85' lang='lat' dir='ltr'><strong>sit</strong></span> <span class='ocrx_word' id='word_1_49' title='bbox 526 3465 696 3551; x_wconf 82' lang='lat' dir='ltr'>Apostolus</span> <span class='ocrx_word' id='word_1_50' title='bbox 710 3488 716 3527; x_wconf 93' lang='lat'>:</span> <span class='ocrx_word' id='word_1_51' title='bbox 736 3467 808 3531; x_wconf 84' lang='lat' dir='ltr'><strong>etin</strong></span> <span class='ocrx_word' id='word_1_52' title='bbox 821 3465 879 3530; x_wconf 90' lang='lat' dir='ltr'><strong>hoo</strong></span> <span class='ocrx_word' id='word_1_53' title='bbox 894 3485 985 3530; x_wconf 86' lang='lat' dir='ltr'><strong>sensu</strong></span> <span class='ocrx_word' id='word_1_54' title='bbox 1000 3465 1064 3532; x_wconf 84' lang='lat' dir='ltr'>fere</span> <span class='ocrx_word' id='word_1_55' title='bbox 1077 3469 1190 3555; x_wconf 87' lang='lat' dir='ltr'>ubique</span> <span class='ocrx_word' id='word_1_56' title='bbox 1209 3475 1272 3538; x_wconf 83' lang='lat' dir='ltr'>uti·</span> 
     </span>
    </p>

    <p class='ocr_par' dir='ltr' id='par_1_11' title="bbox 280 3563 1272 3653">
     <span class='ocr_line' id='line_1_12' title="bbox 280 3563 1272 3653; baseline 0.004 -21"><span class='ocrx_word' id='word_1_57' title='bbox 280 3575 339 3632; x_wconf 84' lang='lat' dir='ltr'><strong>tur.</strong></span> <span class='ocrx_word' id='word_1_58' title='bbox 364 3603 405 3616; x_wconf 98' lang='lat'>-</span> <span class='ocrx_word' id='word_1_59' title='bbox 427 3563 1272 3653; x_wconf 49' lang='lat' dir='ltr'><strong>segregatum]SubaudiaoaeterisApostolis,sioutin</strong></span> 
     </span>
    </p>

    <p class='ocr_par' dir='ltr' id='par_1_12' title="bbox 279 3664 1364 3853">
     <span class='ocr_line' id='line_1_13' title="bbox 279 3664 1274 3756; baseline 0 -22"><span class='ocrx_word' id='word_1_60' title='bbox 279 3668 356 3734; x_wconf 80' lang='lat' dir='ltr'><strong>actis</strong></span> <span class='ocrx_word' id='word_1_61' title='bbox 370 3666 591 3751; x_wconf 84' lang='lat' dir='ltr'><strong>Apostolorum</strong></span> <span class='ocrx_word' id='word_1_62' title='bbox 606 3665 680 3729; x_wconf 85' lang='lat' dir='ltr'><strong>dicit</strong></span> <span class='ocrx_word' id='word_1_63' title='bbox 696 3664 830 3747; x_wconf 79' lang='lat' dir='ltr'>Spiritus</span> <span class='ocrx_word' id='word_1_64' title='bbox 847 3671 992 3730; x_wconf 72' lang='lat' dir='ltr'><strong>sanctust</strong></span> <span class='ocrx_word' id='word_1_65' title='bbox 1011 3666 1184 3756; x_wconf 80' lang='lat' dir='ltr'><strong><em>Segregate</em></strong></span> <span class='ocrx_word' id='word_1_66' title='bbox 1194 3672 1274 3734; x_wconf 79' lang='lat' dir='ltr'><strong>mihi</strong></span> 
     </span>
     <span class='ocr_line' id='line_1_14' title="bbox 279 3760 1364 3853; baseline 0 -23"><span class='ocrx_word' id='word_1_67' title='bbox 279 3766 430 3843; x_wconf 82' lang='lat' dir='ltr'><strong>Paulum,</strong></span> <span class='ocrx_word' id='word_1_68' title='bbox 446 3771 505 3830; x_wconf 76' lang='lat' dir='ltr'><strong>etc.</strong></span> <span class='ocrx_word' id='word_1_69' title='bbox 528 3801 571 3814; x_wconf 91' lang='lat'><em>-</em></span> <span class='ocrx_word' id='word_1_70' title='bbox 594 3764 635 3826; x_wconf 89' lang='lat' dir='ltr'><strong>In</strong></span> <span class='ocrx_word' id='word_1_71' title='bbox 652 3760 863 3849; x_wconf 79' lang='lat' dir='ltr'><strong>Evangelium</strong></span> <span class='ocrx_word' id='word_1_72' title='bbox 883 3762 970 3849; x_wconf 61' lang='grc' dir='ltr'><strong>θεὴ]</strong></span> <span class='ocrx_word' id='word_1_73' title='bbox 998 3765 1033 3828; x_wconf 85' lang='lat' dir='ltr'><strong>ld</strong></span> <span class='ocrx_word' id='word_1_74' title='bbox 1046 3775 1094 3831; x_wconf 84' lang='lat' dir='ltr'><strong>est</strong></span> <span class='ocrx_word' id='word_1_75' title='bbox 1108 3769 1149 3832; x_wconf 82' lang='lat' dir='ltr'><strong>ad</strong></span> <span class='ocrx_word' id='word_1_76' title='bbox 1162 3771 1272 3853; x_wconf 67' lang='lat' dir='ltr'><strong>pmdi-</strong></span> <span class='ocrx_word' id='word_1_77' title='bbox 1357 3760 1364 3768; x_wconf 73' lang='grc'><strong><em>’</em></strong></span> 
     </span>
    </p>

    <p class='ocr_par' dir='ltr' id='par_1_13' title="bbox 279 3862 1273 3947">
     <span class='ocr_line' id='line_1_15' title="bbox 279 3862 1273 3947; baseline 0.001 -15"><span class='ocrx_word' id='word_1_78' title='bbox 279 3868 410 3933; x_wconf 77' lang='lat' dir='ltr'><strong>candum</strong></span> <span class='ocrx_word' id='word_1_79' title='bbox 423 3866 512 3930; x_wconf 84' lang='lat' dir='ltr'>Deus</span> <span class='ocrx_word' id='word_1_80' title='bbox 530 3865 666 3929; x_wconf 80' lang='lat' dir='ltr'><strong>miserat.</strong></span> <span class='ocrx_word' id='word_1_81' title='bbox 688 3863 731 3927; x_wconf 85' lang='lat' dir='ltr'><strong>Et</strong></span> <span class='ocrx_word' id='word_1_82' title='bbox 745 3862 896 3947; x_wconf 80' lang='lat' dir='ltr'><strong>propheta</strong></span> <span class='ocrx_word' id='word_1_83' title='bbox 908 3863 1059 3929; x_wconf 81' lang='lat' dir='ltr'><strong>Jeremias</strong></span> <span class='ocrx_word' id='word_1_84' title='bbox 1077 3867 1170 3932; x_wconf 82' lang='lat' dir='ltr'><strong>dicit:</strong></span> <span class='ocrx_word' id='word_1_85' title='bbox 1186 3871 1273 3934; x_wconf 86' lang='lat' dir='ltr'><strong><em>Ecce</em></strong></span> 
     </span>
    </p>

    <p class='ocr_par' dir='ltr' id='par_1_14' title="bbox 278 3963 1272 4053">
     <span class='ocr_line' id='line_1_16' title="bbox 278 3963 1272 4053; baseline -0.002 -22"><span class='ocrx_word' id='word_1_86' title='bbox 278 3966 347 4038; x_wconf 72' lang='lat' dir='ltr'><strong>dies</strong></span> <span class='ocrx_word' id='word_1_87' title='bbox 362 3970 516 4041; x_wconf 80' lang='lat' dir='ltr'><strong>veniunt,</strong></span> <span class='ocrx_word' id='word_1_88' title='bbox 536 3965 615 4027; x_wconf 76' lang='lat' dir='ltr'><strong>dion</strong></span> <span class='ocrx_word' id='word_1_89' title='bbox 631 3963 804 4040; x_wconf 78' lang='lat' dir='ltr'><strong>Dominus,</strong></span> <span class='ocrx_word' id='word_1_90' title='bbox 822 3974 854 4024; x_wconf 82' lang='lat' dir='ltr'><strong>et</strong></span> <span class='ocrx_word' id='word_1_91' title='bbox 866 3963 1086 4027; x_wconf 81' lang='lat' dir='ltr'><strong>consummabo</strong></span> <span class='ocrx_word' id='word_1_92' title='bbox 1102 3988 1199 4053; x_wconf 83' lang='lat' dir='ltr'><em>super</em></span> <span class='ocrx_word' id='word_1_93' title='bbox 1214 3969 1272 4033; x_wconf 85' lang='lat' dir='ltr'><strong>do-</strong></span> 
     </span>
    </p>

    <p class='ocr_par' dir='ltr' id='par_1_15' title="bbox 149 4060 1268 4150">
     <span class='ocr_line' id='line_1_17' title="bbox 149 4060 1268 4150; baseline 0.004 -21"><span class='ocrx_word' id='word_1_94' title='bbox 149 4102 152 4107; x_wconf 95' lang='lat'>·</span> <span class='ocrx_word' id='word_1_95' title='bbox 279 4089 361 4129; x_wconf 88' lang='lat' dir='ltr'><strong>mum</strong></span> <span class='ocrx_word' id='word_1_96' title='bbox 376 4063 482 4128; x_wconf 76' lang='lat' dir='ltr'><em>Israel</em></span> <span class='ocrx_word' id='word_1_97' title='bbox 488 4116 495 4142; x_wconf 86' lang='lat'>‚</span> <span class='ocrx_word' id='word_1_98' title='bbox 508 4077 539 4128; x_wconf 84' lang='lat' dir='ltr'><strong>et</strong></span> <span class='ocrx_word' id='word_1_99' title='bbox 549 4084 647 4150; x_wconf 78' lang='lat' dir='ltr'><strong>snper</strong></span> <span class='ocrx_word' id='word_1_100' title='bbox 657 4060 781 4124; x_wconf 81' lang='lat' dir='ltr'><strong>domum</strong></span> <span class='ocrx_word' id='word_1_101' title='bbox 788 4061 875 4125; x_wconf 75' lang='lat' dir='ltr'><strong>Inda</strong></span> <span class='ocrx_word' id='word_1_102' title='bbox 885 4060 1007 4126; x_wconf 78' lang='lat' dir='ltr'><strong>Novum</strong></span> <span class='ocrx_word' id='word_1_103' title='bbox 1026 4063 1268 4133; x_wconf 80' lang='lat' dir='ltr'><strong>Testamentum.</strong></span> 
     </span>
    </p>

    <p class='ocr_par' dir='ltr' id='par_1_16' title="bbox 278 4156 1271 4250">
     <span class='ocr_line' id='line_1_18' title="bbox 278 4156 1271 4250; baseline -0.001 -20"><span class='ocrx_word' id='word_1_104' title='bbox 278 4166 347 4230; x_wconf 85' lang='lat' dir='ltr'><strong>Joel</strong></span> <span class='ocrx_word' id='word_1_105' title='bbox 368 4185 490 4250; x_wconf 84' lang='lat' dir='ltr'><strong>quoque</strong></span> <span class='ocrx_word' id='word_1_106' title='bbox 511 4187 519 4228; x_wconf 75' lang='grc' dir='ltr'><strong>ι</strong></span> <span class='ocrx_word' id='word_1_107' title='bbox 541 4161 692 4227; x_wconf 69' lang='lat' dir='ltr'><strong>Exonate</strong></span> <span class='ocrx_word' id='word_1_108' title='bbox 701 4159 789 4244; x_wconf 76' lang='lat' dir='ltr'><em>filioe</em></span> <span class='ocrx_word' id='word_1_109' title='bbox 808 4158 903 4236; x_wconf 82' lang='lat' dir='ltr'><strong>Sion,</strong></span> <span class='ocrx_word' id='word_1_110' title='bbox 924 4174 955 4225; x_wconf 87' lang='lat' dir='ltr'><strong>et</strong></span> <span class='ocrx_word' id='word_1_111' title='bbox 975 4156 1130 4227; x_wconf 60' lang='lat' dir='ltr'><strong>lc‘etnmini</strong></span> <span class='ocrx_word' id='word_1_112' title='bbox 1151 4174 1185 4228; x_wconf 83' lang='lat' dir='ltr'><strong>in</strong></span> <span class='ocrx_word' id='word_1_113' title='bbox 1206 4169 1271 4230; x_wconf 90' lang='lat' dir='ltr'><strong>Do-</strong></span> 
     </span>
    </p>

    <p class='ocr_par' dir='ltr' id='par_1_17' title="bbox 1149 4272 1166 4316">
     <span class='ocr_line' id='line_1_19' title="bbox 1149 4272 1166 4316; baseline 0 0"><span class='ocrx_word' id='word_1_114' title='bbox 1149 4272 1166 4316; x_wconf 78' lang='lat'>2</span> 
     </span>
    </p>
   </div>
   <div class='ocr_carea' id='block_1_10' title="bbox 0 0 1596 5442">
    <p class='ocr_par' dir='ltr' id='par_1_18' title="bbox 0 0 1596 5442">
     <span class='ocr_line' id='line_1_20' title="bbox 0 0 1596 5442; baseline 0 1"><span class='ocrx_word' id='word_1_115' title='bbox 0 0 1596 5442; x_wconf 95' lang='lat' dir='ltr'><strong> </strong></span> 
     </span>
    </p>
   </div>
  </div>
 </body>
</html>
