3184 5442
296 701 338 762 76
680 720 710 760 o.
738 718 912 762 muranum

293 897 337 908 —
363 858 505 923 Proedici
520 859 635 946 enim]
654 859 802 942 Superius
816 860 913 924 dixit:
931 858 1079 945 Epistola
1097 871 1207 921 nostra
1229 883 1289 920 vos

295 969 382 1039 estis,
403 967 524 1045 scripta
539 967 571 1021 ia
591 958 737 1022 cordibus
750 966 881 1021 vestris.
907 996 951 1006 -
974 959 1066 1020 Intus
1081 957 1243 1043 timores]
1259 959 1291 1022 A

294 1056 377 1122 falsis
396 1057 553 1132 fratribus;
572 1059 622 1122 vel
642 1079 681 1121 ne
699 1057 802 1141 passio
817 1079 885 1121 mea
900 1064 1082 1140 perterreret
1103 1057 1236 1121 fratres:
1257 1059 1290 1122 id

296 1166 357 1232 est,
383 1166 522 1222 metuens
547 1179 586 1221 ne
612 1158 748 1222 conversi
767 1157 903 1233 noviter,
930 1157 1070 1222 videntes
1092 1155 1289 1222 afflictionem

295 1266 430 1321 nostram
442 1259 482 1321 ad
492 1280 595 1333 suum,
613 1258 644 1321 id
656 1266 719 1332 est,
734 1257 787 1341 qui
802 1255 859 1322 fuit
873 1258 893 1321 J
895 1258 1014 1333 udaeus,
1029 1257 1069 1320 ad
1082 1257 1287 1330 Judaismum,

295 1350 687 1442 Gentilisadgentilitatem
699 1366 921 1445 converterent.
949 1395 993 1406 —
1016 1356 1291 1442 AEmalatioaem.]

295 1457 330 1520 Id
346 1464 405 1532 est,
425 1457 555 1541 qualiter
573 1459 650 1522 alter
669 1459 828 1521 aemulatur
840 1458 1022 1523 desiderium
1038 1459 1173 1532 alterins
1192 1466 1228 1521 ut
1241 1478 1291 1520 me

295 1556 436 1620 videatis.
464 1594 504 1606 -
528 1557 676 1644 Epistola
697 1557 783 1644 ala]
810 1558 906 1622 Ordo.
928 1558 985 1621 Illa
1006 1579 1062 1622 vos
1081 1557 1286 1630 contristavit,

296 1635 413 1720 eisi'ad
433 1657 548 1721 horam.
577 1693 620 1704 -
646 1656 835 1721 contristati
859 1657 975 1744 anina]
998 1656 1230 1721 Demonstratio
1251 1657 1291 1718 de

297 1777 358 1840 qua
373 1757 552 1841 poenitentia
569 1757 673 1821 dicat:
693 1766 741 1822 est
754 1758 848 1827 ‚enim
874 1766 906 1822 et
929 1759 1011 1822 mala
1028 1757 1219 1841 poenitentia.
1249 1793 1291 1804 -

296 1857 557 1943 Detrimentum]
571 1858 796 1922 Detrimentum
809 1858 928 1922 auditor
940 1880 978 1921 ex
989 1856 1204 1941 pradicatione
1221 1857 1291 1920 doc-

296 1957 370 2020 toris
388 1958 521 2041 patitur;
548 1959 669 2041 quando
695 1959 855 2042 praeceptis
876 1960 941 2046 ejus
960 1957 1137 2021 inobediens
1160 1957 1287 2032 existit,

297 2065 328 2121 et
352 2059 518 2141 propriori
541 2065 685 2142 peccato,
713 2065 873 2142 peccatum
894 2057 1105 2122 inobedientia
1126 2056 1222 2120 addit.
1247 2093 1290 2105 -

300 2154 381 2241 Qnoe
397 2167 480 2222 enim
493 2157 697 2243 secandam]
717 2159 789 2223 Alia
809 2160 887 2223 ratio
908 2161 989 2243 quod
1010 2158 1172 2222 secundum
1189 2158 1290 2222 Deum

296 2257 464 2322 contristati
481 2265 563 2322 smrt.
590 2295 631 2305 -
656 2258 775 2321 Sacali
791 2272 896 2322 autem
918 2258 1084 2345 tristitia]
1105 2256 1216 2322 Saeculi
1234 2279 1291 2322 au-

296 2361 360 2417 tem
373 2357 499 2422 tristitia
510 2363 558 2421 est
566 2359 679 2433 dolere,
695 2360 776 2442 quod
788 2381 844 2423 sua
855 2361 981 2435 tribuat,
996 2359 1096 2423 aliena
1104 2380 1164 2421 non
1175 2359 1288 2442 rapiat,

296 2460 328 2517 et
349 2462 459 2519 caetera
478 2457 513 2532 in
535 2456 615 2522 hunc
638 2458 774 2522 modum.
802 2496 842 2508 —
866 2460 952 2521 Ecce
973 2458 1091 2544 enim]
1115 2458 1187 2522 Alia
1212 2459 1290 2523 ratio

296 2555 432 2638 ejusdem
447 2556 499 2620 rei.
528 2592 568 2606 —
592 2560 865 2623 laconiaminatos
877 2582 946 2622 esse
957 2568 991 2621 in
1004 2558 1164 2646 negotia]
1178 2559 1216 2621 In
1230 2579 1291 2642 quo

295 2653 508 2719 vindicandum
522 2659 666 2742 praecepit
684 2659 715 2721 in
730 2681 800 2724 eum
819 2659 872 2744 qui
890 2680 1016 2723 uxorem
1039 2658 1137 2741 patris
1158 2658 1287 2742 accepit.

296 2789 339 2800 -
366 2753 439 2817 Ideo
454 2756 640 2845 consolata]
654 2761 697 2824 Et
707 2768 833 2842 propter
846 2759 1011 2822 adventum
1026 2758 1100 2833 Titi,
1119 2765 1151 2821 et
1165 2764 1291 2840 propter

295 2855 408 2918 bonum
419 2856 553 2920 studium
566 2868 709 2923 vestrum.
737 2896 777 2908 -
801 2859 902 2946 Apud
908 2858 996 2921 illam
1008 2857 1047 2920 de
1058 2855 1183 2942 vola]
1196 2857 1291 2940 Apud

296 2954 399 3018 Titum
410 2958 556 3041 gloriatus
568 2968 615 3023 est
624 2959 793 3043 Apostolus
805 2961 843 3024 de
854 2959 1030 3035 corinthiis,
1046 2959 1149 3022 dicens
1168 2978 1221 3021 eos
1233 2958 1290 3021 be-

297 3053 404 3138 nignos
423 3078 499 3122 esse.
528 3095 568 3107 -
597 3058 715 3123 Omnia
732 3059 771 3122 de
790 3056 919 3145 vobis]
934 3059 971 3122 Id
987 3065 1045 3138 est,
1060 3058 1139 3122 siout
1154 3077 1229 3120 vera
1243 3058 1291 3119 lo·

297 3155 358 3218 cuti
378 3177 481 3223 sumus
499 3160 587 3224 vobis
606 3162 646 3225 de
667 3161 750 3236 aliis;
773 3161 818 3225 ita
838 3180 911 3224 vera
924 3159 1018 3224 locuti
1038 3179 1143 3222 sumus
1159 3156 1230 3221 Tito
1252 3157 1291 3221 de

297 3254 394 3318 vobis.

709 3551 777 3593 CAP.
803 3553 873 3594 v111.

338 3744 517 3830 Paupertas
545 3746 687 3833 aarum]
724 3749 880 3832 Pauperes
905 3755 993 3810 erant
1020 3767 1120 3810 rerum
1153 3753 1289 3814 terrena-

293 3863 376 3917 rum;
398 3845 453 3908 sed
472 3845 583 3912 divites
601 3847 804 3932 simplicitatis
825 3856 856 3912 et
880 3847 1085 3932 benignitatis.
1112 3885 1156 3895 -
1184 3849 1289 3912 Testi-

294 3943 465 4031 monium]
495 3946 589 4013 Ordo.
613 3948 834 4015 Testimonium
855 3949 922 4013 aliis
942 3948 1053 4022 reddo;
1083 3949 1156 4032 quia
1179 3971 1287 4014 secun-

296 4043 368 4106 dum
379 4044 534 4110 virtutem.
557 4082 602 4096 -
628 4047 838 4112 obsecrantes
853 4048 946 4135 aas]
961 4049 1071 4126 idest,
1089 4050 1203 4133 precati
1218 4060 1288 4114 sunt

298 4163 358 4222 me,
369 4150 404 4207 ut
412 4146 620 4227 permitterem
631 4171 683 4214 eos
691 4149 821 4234 gratiam
834 4157 866 4213 et
876 4150 1180 4214 communicationem
1189 4148 1287 4213 lacere

298 4241 336 4304 de
350 4244 520 4310 substantia
531 4269 604 4328 sua,
622 4247 654 4312 in
670 4249 746 4313 hano
763 4249 1003 4336 eleemosynam,
1023 4271 1090 4334 quae
1104 4251 1138 4314 fit
1153 4249 1183 4312 in
1200 4270 1287 4313 sanc-
