3184 5442
295 694 339 755 64
673 704 702 744 o.
731 701 904 746 muranum

297 856 428 920 diximus
443 852 604 916 adversum
629 850 753 914 Deum:
775 870 847 913 nam
874 848 970 923 istud,
995 850 1077 932 quod
1097 851 1293 916 suscitaverit
1364 865 1366 869 ·

297 955 471 1027 Christum,
491 971 580 1034 quem
598 970 658 1013 non
677 947 853 1023 suscitavit,
871 946 898 1010 si
915 946 1026 1012 mortui
1041 948 1101 1010 non
1119 959 1292 1035 resurgunt.

298 1055 401 1132 Quare
414 1051 472 1115 hoc
483 1048 576 1115 dicisl
590 1048 673 1113 Nam
689 1049 743 1121 ita,
756 1047 866 1130 inquit,
883 1046 915 1110 in
928 1067 961 1110 re
974 1053 1034 1124 est,
1045 1048 1127 1130 quod
1138 1048 1165 1113 si
1180 1051 1294 1115 mortui

297 1173 359 1217 non
368 1155 540 1237 resurgunt,
553 1168 652 1232 neque
662 1146 817 1221 ChristuS,
829 1166 910 1211 vana
918 1152 967 1210 est
974 1146 1050 1210 fides
1058 1153 1174 1225 nostra,
1186 1150 1220 1213 id
1230 1157 1290 1226 est,

297 1271 357 1315 non
369 1257 441 1315 sunt
449 1248 535 1313 vobis
541 1246 670 1312 remissa
677 1252 805 1330 peccata
817 1269 823 1308 :
836 1244 934 1309 adhuc
943 1243 1024 1307 enim
1033 1245 1108 1309 estis
1118 1247 1295 1327 inpeccatis

297 1350 418 1415 vestris
433 1350 476 1412 Et
487 1348 513 1412 si
526 1368 582 1411 vos
596 1346 671 1411 ostis
684 1346 716 1407 in
729 1343 881 1429 peccatis,
895 1349 928 1407 et
942 1342 993 1426 qui
1007 1351 1081 1408 ante
1091 1365 1148 1409 vos
1155 1345 1289 1424 fuerunt,

298 1448 471 1532 inpeccatis
480 1445 591 1511 mortui
600 1452 687 1518 stmt3
701 1450 734 1508 et
745 1442 810 1506 siin
821 1442 955 1527 peccatis
966 1449 1078 1507 mortui
1089 1451 1172 1522 sunt,
1185 1446 1294 1532 utique

298 1549 463 1634 perierunt.
478 1545 659 1630 Principalis
671 1543 852 1627 assumptio.
867 1542 958 1605 Nunc
972 1549 1075 1606 autem
1091 1542 1231 1612 Christus
1246 1568 1293 1611 re-

298 1647 442 1724 surrexit,
455 1667 526 1731 ergo
536 1666 598 1709 non
607 1652 743 1709 estvana
753 1641 927 1726 pradicatio
941 1650 1121 1718 nostra,nec
1131 1645 1207 1708 fides
1219 1669 1292 1712 ves·

300 1756 359 1812 tra.
370 1748 415 1812 Et
427 1747 472 1811 sic
485 1747 523 1810 de
534 1744 674 1809 omnibus
684 1742 933 1808 concludendum.
961 1777 1001 1792 -
1029 1741 1247 1832 Unusquisque
1258 1754 1293 1810 in

301 1845 491 1910 socordiae.
507 1843 566 1930 ]In
580 1864 635 1908 suo
651 1842 755 1906 ordine
770 1840 859 1916 dicit,
873 1841 922 1904 vel
936 1841 1009 1925 quia
1022 1841 1162 1908 Christus
1176 1844 1294 1927 primus

301 1944 480 2017 resurrexit;
491 1943 600 2008 deinde
607 1940 803 2007 resurrecturi
811 1946 882 2004 sunt
888 1939 1001 2004 caeteri.
1012 1939 1070 2004 Vel
1079 1941 1152 2024 quia
1160 1950 1290 2029 martyr,

301 2051 337 2109 ut
346 2051 476 2131 martyr,
488 2050 627 2126 pastores
636 2092 643 2116 ,
652 2049 688 2106 ut
698 2047 853 2124 pastores,
866 2045 899 2103 et
909 2038 1009 2104 catari
1020 2039 1052 2103 in
1062 2039 1143 2105 huno
1153 2043 1289 2106 modum.

301 2146 345 2210 Et
353 2147 397 2209 sio
410 2143 588 2226 intelligitur
598 2141 629 2203 in
641 2161 695 2203 suo
710 2140 826 2215 ordine,
839 2145 871 2204 et
883 2137 915 2201 in
926 2158 986 2202 sua
998 2139 1157 2223 dignitate.
1171 2141 1293 2206 Deinde

301 2243 333 2307 hi
344 2241 552 2316 resurrecturi,
567 2247 599 2304 et
607 2238 674 2311 olii;
690 2238 745 2302 sed
757 2239 864 2302 horum
875 2245 996 2303 tantum
1010 2239 1194 2304 mentionem
1204 2240 1289 2318 facit,
1352 2239 1355 2244 ’

301 2351 425 2426 propter
436 2339 639 2405 Christianam
651 2337 843 2422 dignitatem.
866 2373 910 2385 -
934 2337 998 2423 Qui
1007 2345 1041 2401 in
1050 2338 1196 2404 woerda.
1208 2340 1220 2427 ]
1231 2342 1292 2421 Qui

302 2441 429 2506 credunt
445 2459 515 2502 enm
534 2437 692 2502 advenisse
705 2444 831 2521 proptor
846 2436 1039 2502 redimendos
1052 2446 1242 2523 peccatores,
1260 2449 1293 2507 et

303 2540 504 2605 adventurum
523 2543 648 2620 propter
660 2535 797 2600 infideles
809 2536 1004 2622 judicandoS,
1018 2544 1055 2625 et
1068 2539 1173 2604 fideles
1187 2560 1291 2604 remu·

303 2639 464 2702 nerandos.
490 2673 535 2685 —
560 2634 638 2699 Cum
652 2635 851 2722 crotildem]
868 2637 983 2701 Tradet
996 2636 1136 2703 Christus
1147 2658 1288 2724 regnum;

304 2737 405 2813 idest,
417 2737 448 2801 in
462 2757 542 2822 quos
551 2737 618 2821 ipse
632 2739 785 2823 regnavit,
800 2737 869 2802 Deo
879 2736 911 2800 in
922 2738 982 2801 fine
994 2737 1096 2802 saculi
1106 2758 1175 2803 cum
1187 2747 1291 2804 osten·

303 2837 383 2903 derit
396 2836 582 2913 Ecclesiam,
597 2856 653 2900 sua
667 2843 700 2901 et
713 2857 871 2902 servorum
889 2857 1011 2901 suorum
1026 2837 1238 2921 predicatione
1252 2841 1293 2905 ad

303 2932 406 2997 Deum
424 2952 612 2997 conversam.
640 2966 680 2980 -
708 2929 786 2994 Cum
801 2939 1008 2998 evacuaverit.
1023 2931 1035 3019 ]
1053 2932 1113 2998 Vel
1133 2935 1293 3000 evacuabit

304 3031 444 3098 Christus
457 3032 490 3097 in
505 3033 565 3097 fine
581 3030 700 3108 saculi,
716 3051 838 3097 onmem
854 3033 1025 3097 demonum
1042 3032 1245 3118 principatum
1261 3044 1293 3098 et

304 3139 490 3216 potestatem
505 3154 514 3197 ι
528 3131 601 3216 quia
610 3131 691 3197 ultra
705 3152 764 3196 non
776 3133 931 3198 habebunt
940 3140 1126 3218 potestatem
1137 3135 1292 3213 tentandi,

305 3233 382 3297 etin
398 3231 597 3297 tentationem
615 3231 775 3297 inducendi
790 3253 895 3297 servos
908 3233 981 3298 Dei.
1006 3268 1051 3281 -
1072 3234 1181 3296 Donec
1192 3245 1294 3319 ponet

306 3351 425 3394 omnes.
440 3329 452 3415 ]
470 3331 570 3394 Ponet
583 3328 725 3396 Christus
742 3353 848 3396 omnes
865 3332 1004 3398 inimicos
1019 3354 1106 3409 suos,
1124 3333 1294 3398 antediem

304 3428 408 3514 judicii
425 3427 482 3491 sub
505 3427 633 3510 pedibus
652 3429 715 3492 suis
734 3451 740 3490 :
760 3429 833 3512 qnia
851 3430 927 3494 alios
949 3432 989 3494 ad
1011 3432 1103 3495 fidem
1118 3440 1291 3507 convenae

307 3526 382 3590 alios
395 3523 503 3588 inferni
516 3526 655 3590 claustris
665 3527 778 3602 tradet,
796 3549 858 3592 non
870 3529 950 3592 ultra
964 3528 1033 3605 sibi,
1047 3529 1097 3593 vel
1110 3532 1208 3595 servis
1219 3554 1294 3598 oon·

305 3622 498 3688 tradicturos.
514 3621 668 3706 Regnabit
681 3630 782 3688 autem
792 3631 825 3689 et
834 3631 952 3708 postea,
970 3624 1025 3688 sed
1036 3626 1075 3688 de
1086 3624 1143 3688 hoo
1156 3634 1296 3711 tempore

306 3721 480 3808 ambiguum
496 3741 562 3785 esse
574 3727 707 3805 poterat.
729 3760 776 3795 ,-
799 3722 975 3787 Novissime
986 3736 1101 3789 atatem.
1117 3725 1179 3812 ]In
1193 3728 1296 3793 novis·

306 3823 383 3886 simo
396 3820 447 3885 die
460 3822 632 3885 destruetur
646 3842 746 3898 mors,
764 3822 838 3906 quia
854 3843 911 3887 nec
929 3821 1066 3886 homines
1086 3825 1166 3890 ultra
1181 3847 1293 3910 pecca-

305 3922 398 3995 bunt,
411 3939 468 3983 nec
479 3919 540 3983 ulla
550 3939 677 4003 corpora
687 3920 767 3986 ultra
780 3922 956 3986 morientur.
982 3958 1027 3970 -
1049 3923 1114 3986 Pro
1128 3925 1294 4012 mortuis]

304 4019 367 4084 Pro
392 4017 519 4083 mortuis
539 4017 613 4082 dicit
633 4019 767 4103 pcccatis
791 4027 927 4085 mortuos
950 4022 1126 4107 agentibus;
1153 4025 1232 4090 sicut
1253 4026 1294 4088 ad

306 4119 455 4183 Hebraeos
470 4139 478 4181 :
495 4116 723 4182 fundamentum
737 4120 923 4201 poenitentiae
938 4123 978 4187 ab
995 4123 1136 4206 operibus
1151 4123 1290 4188 mortuis.

307 4218 391 4282 Dicit
405 4238 492 4301 ergo:
505 4216 541 4280 Si
555 4237 614 4280 non
628 4224 675 4282 est
686 4220 863 4284 resurrectio
878 4228 1075 4301 mortuorum,
1085 4224 1158 4306 quid
1168 4221 1291 4300 sacient,
