3184 5442
382 737 446 799 140
677 760 680 769 ·
758 750 786 791 o.
815 748 987 791 muranum

378 902 516 984 quiritur.
532 899 656 976 Quanta
672 904 775 961 autem
791 897 937 972 locorum,
951 903 983 959 et
1002 895 1240 977 disputationem
1252 894 1374 958 subtili-

377 1007 442 1065 tate
462 1000 508 1062 hae
533 997 667 1081 epistolae
686 997 782 1079 plenae
804 997 866 1058 sint
880 995 963 1080 (licet
983 995 1049 1077 ipse
1064 994 1234 1077 Apostolus
1251 995 1282 1056 in
1298 994 1376 1064 sori,-

377 1101 477 1164 bendo
491 1119 550 1160 non
567 1105 697 1172 curaret,
716 1097 783 1179 ipse
798 1097 879 1160 enim
893 1095 925 1156 in
940 1094 1090 1178 sapientia
1103 1095 1189 1158 verbi
1203 1102 1234 1158 et
1252 1095 1374 1159 subtili-

377 1209 442 1263 tate
454 1218 626 1262 sermonum
638 1217 742 1259 senon
757 1195 840 1278 loqui
851 1194 927 1258 alias
936 1201 1067 1258 testatur
1076 1192 1096 1278 l,
1108 1193 1268 1277 perspicax
1280 1195 1376 1258 lector

376 1298 489 1382 poterit
503 1297 650 1360 invenire.
668 1297 798 1360 Summa
812 1294 1027 1378 disputationis
1044 1295 1087 1357 sio
1105 1294 1244 1358 sehabet
1259 1318 1265 1356 ε
1284 1293 1324 1356 Si
1337 1293 1378 1355 il-

377 1397 528 1483 Iodprtus
538 1395 632 1482 culpo
641 1407 803 1469 vacasset,
819 1393 929 1455 soeoult
941 1393 1027 1456 locus
1036 1416 1099 1455 non
1110 1398 1282 1480 inquireret
1298 1417 1309 1454 .·
1323 1402 1378 1454 vt-

377 1509 527 1581 tnperans
546 1504 641 1574 enim,
662 1508 722 1558 etc.
740 1495 831 1558 Prius
847 1516 919 1578 ergo
931 1494 1021 1576 culpa
1037 1515 1098 1556 non
1120 1492 1253 1565 vacavit,
1268 1492 1373 1566 idest,

376 1595 530 1658 hominem
545 1617 563 1657 a
578 1595 667 1677 culpa
681 1593 816 1678 perfecte
830 1594 957 1657 liberare
970 1614 1029 1656 non
1044 1593 1162 1676 potuit;
1179 1591 1257 1656 siout
1269 1613 1286 1654 a
1299 1612 1376 1655 con·

377 1702 426 1757 tra
439 1695 477 1756 de
486 1695 577 1758 Novo
595 1695 793 1757 Testamento
806 1693 914 1757 dicitur
929 1716 935 1755 ε
951 1693 1140 1755 Mandatum
1151 1700 1221 1755 sine
1234 1690 1373 1754 macukt.

376 1793 418 1856 Et
432 1792 484 1855 len
497 1795 626 1855 Domini
642 1792 856 1856 immaculata.
885 1829 925 1840 -
952 1792 1094 1854 Dicendo
1109 1804 1349 1854 antoninorum.
1365 1789 1377 1876 ]

378 1894 427 1956 Ita
438 1900 510 1956 sunt
525 1893 603 1956 inter
612 1914 645 1956 se
657 1913 769 1956 novum
780 1899 812 1955 et
823 1899 924 1969 vetus,
939 1892 1017 1956 sicut
1031 1913 1174 1975 magnum
1187 1900 1220 1957 et
1230 1911 1374 1974 parvum.

378 1993 638 2076 Quotiescumque
661 1993 742 2056 enim
757 1993 824 2055 duae
839 2012 888 2054 res
908 1991 987 2053 inter
1011 2012 1044 2053 se
1059 1989 1261 2064 conferuntur,
1279 1988 1378 2053 siuna

378 2099 508 2156 vocatur
518 2113 612 2167 nova,
628 2093 724 2156 altera
734 2098 834 2165 vetuS,
850 2099 881 2154 et
896 2096 1040 2154 econtra.
1139 2135 1144 2142 .

802 2405 872 2446 CAP.
900 2406 945 2446 tx·

423 2576 584 2639 Seculare.
603 2576 614 2662 ]
638 2578 824 2641 Sacrificium
847 2579 1022 2642 Judaeorum
1041 2588 1131 2643 vocat
1147 2579 1303 2658 seculare,
1324 2581 1375 2643 vel

380 2677 451 2760 quia
467 2677 685 2752 transitorium,
709 2679 788 2742 sicut
804 2679 905 2741 omnia
921 2699 989 2761 quae
1006 2680 1095 2763 hujus¹
1109 2678 1210 2742 saeouli
1221 2686 1309 2752 sunt;
1323 2680 1375 2743 vel
1476 2668 1478 2673 ¹

379 2776 451 2858 quia
469 2776 500 2838 in
513 2777 637 2838 modum
655 2778 802 2860 temporis
819 2777 947 2862 singulis
963 2777 1050 2839 annis
1067 2778 1174 2841 eadem
1189 2778 1374 2861 repeteban-

379 2885 441 2939 tur.
467 2912 510 2923 -
534 2876 723 2939 Sanctorum
742 2875 871 2962 viam]
897 2877 1079 2940 Sanctorum
1102 2877 1154 2940 via
1167 2885 1221 2958 ,est
1240 2878 1290 2940 vel
1310 2877 1378 2960 ipse

380 2975 538 3052 ChristuS,
558 2977 608 3040 vel
628 2976 794 3060 spiritualis
817 2975 1016 3059 intelligentia
1040 2976 1128 3059 legis.
1156 3012 1200 3023 -
1221 2976 1347 3040 Priore.
1365 2975 1376 3062 ]

379 3075 469 3140 Prius
483 3077 711 3141 tabernaculum
726 3084 774 3140 est
787 3076 917 3140 carnalis
926 3075 1124 3158 intelligentia
1138 3084 1170 3139 et
1181 3077 1378 3163 observantia

380 3176 478 3259 legis;
494 3179 667 3250 secundum,
681 3177 858 3260 spiritualis.
885 3212 926 3224 -
952 3175 1111 3237 Parabola
1122 3189 1180 3238 ert.
1196 3175 1378 3261 ]Allegoria

381 3276 506 3340 Veteris
517 3277 719 3352 Testamenti,
743 3278 801 3341 hoo
816 3298 949 3359 praesens
965 3282 1097 3358 tempus,
1119 3276 1150 3338 in
1165 3297 1225 3358 quo
1239 3275 1379 3340 Ecclesia

382 3374 497 3438 Christi
508 3374 661 3450 fundatur,
676 3384 708 3438 et
723 3376 823 3460 gratia
832 3376 915 3439 Novi
929 3375 1316 3458 Testamentipraedioatur,
1334 3377 1376 3440 si-

382 3471 514 3555 gnificat.
544 3508 583 3520 -
612 3473 859 3535 Conscientiam.
875 3471 996 3558 ]Juxta
1004 3474 1219 3538 conscientiam
1230 3474 1314 3549 dicit,
1327 3475 1378 3538 vel

383 3569 455 3650 quia
475 3569 588 3653 legales
603 3572 709 3635 hostiae
730 3580 858 3655 peccata
873 3573 1090 3655 cogitationum
1101 3595 1161 3637 non
1176 3575 1349 3657 purgabant
1367 3597 1377 3646 ·,

381 3668 431 3730 vel
443 3667 515 3750 quia
533 3670 572 3731 ab
586 3671 688 3733 anima
703 3670 918 3734 conscientiam
928 3674 1096 3754 perpetrati
1109 3671 1378 3756 sceleris'perfecte

382 3768 621 3851 abstergerenon
637 3776 790 3852 poterant.
819 3803 857 3816 -
889 3767 1149 3834 Tabernaeolom.
1164 3770 1380 3856 ]Tabemaou-

383 3865 445 3928 lum
469 3867 550 3948 quod
576 3867 715 3933 Christus
730 3868 877 3943 introivit,
895 3876 986 3932 vocat
1009 3871 1131 3947 ooelum,
1148 3871 1230 3954 quod
1246 3869 1378 3953 amplius

384 3976 415 4028 et
424 3964 587 4047 perfectius
598 3977 655 4045 est,
671 3990 763 4052 quam
774 3968 848 4030 illud
859 3969 1035 4032 Judaeorum
1044 3971 1282 4044 tabernaculum,
1295 3970 1379 4052 quod

384 4067 534 4128 vocabant
546 4075 849 4133 sanctasanctorum.
865 4104 908 4115 -
930 4069 970 4130 In
981 4084 1106 4134 coneto.
1125 4071 1284 4157 ]Exponit
1295 4071 1379 4153 quod

385 4165 522 4247 superius
536 4169 692 4233 vocaverit
714 4170 939 4232 tabernaculum
956 4192 1015 4233 non
1028 4171 1246 4245 manufactum,
1267 4169 1377 4233 videli-

386 4273 434 4328 oet
457 4274 749 4332 sanctasanctorum
770 4269 913 4332 coelestia.
944 4305 976 4314 -
1005 4270 1169 4332 Mediator
1191 4269 1274 4354 est]
1291 4269 1325 4332 In
1340 4290 1381 4331 co
