3184 5442
472 724 588 766 onossAE
612 725 645 767 m
669 723 717 764 ee.
744 725 784 765 no
808 721 953 763 conrnrn.
1168 705 1209 766 47

217 897 361 974 pensator
374 909 482 952 revera
496 890 593 952 fidelis
603 889 793 961 inveniatur;
810 889 917 951 volens
926 887 1132 954 ordinationes
1144 913 1211 956 nos-

216 997 280 1053 tras
287 989 425 1076 judicare
437 989 605 1052 secundum
618 989 727 1052 merita
737 994 851 1051 nostra.
880 1023 920 1037 -
949 986 1117 1073 Utfidelis.
1131 990 1142 1076 l
1161 990 1209 1070 Ut,

214 1111 270 1174 pro
282 1109 403 1165 revera.
428 1088 513 1152 Sicut
527 1087 619 1152 illud:
639 1088 683 1150 Er
699 1087 808 1151 babitu
825 1095 969 1150 inventus
990 1102 1023 1150 ut
1040 1089 1143 1152 bomo·
1173 1090 1222 1137 -'

215 1189 299 1252 Mtte
311 1202 427 1251 autent.
444 1187 564 1275 ]Quasi
577 1188 701 1252 diceret.
721 1188 803 1267 Quid
813 1187 863 1251 alii
879 1187 1104 1271 dispensatores
1120 1211 1211 1273 super

215 1291 272 1354 hoc
283 1288 418 1354 sentiant
438 1289 551 1351 nescio.
576 1288 639 1352 Sed
654 1307 712 1372 ego
731 1287 971 1370 vituperationes
987 1297 1106 1352 vestras
1126 1291 1211 1353 nihili
1334 1375 1337 1380 ¹

215 1389 328 1472 pendo,
347 1388 446 1452 sciens
460 1406 591 1471 pernae,
600 1407 655 1450 seu
667 1387 785 1470 dignos
796 1407 852 1449 seu
862 1386 1014 1471 indignos,
1033 1410 1109 1471 opus
1123 1411 1210 1452 suum

216 1490 317 1554 Deum
334 1487 466 1572 operari.
494 1524 535 1537 -
560 1487 750 1549 Hoeeourem
756 1484 895 1573 fratres.
910 1485 921 1572 l
937 1488 973 1550 Id
984 1496 1042 1563 est,
1058 1491 1212 1573 superiora

217 1588 399 1652 humilitatis
408 1589 513 1661 verba,
527 1587 635 1670 quibus
649 1607 699 1649 me
712 1588 877 1670 plantasse,
890 1588 1003 1670 Apollo
1014 1589 1137 1673 rigasse.
1149 1593 1212 1654 Sed

217 1709 276 1752 nec
290 1687 489 1770 plantantem,
503 1708 559 1750 nec
574 1688 722 1770 rigantem
741 1686 856 1769 aliquid
868 1707 935 1749 esse
947 1688 1021 1749 dixi.
1040 1690 1113 1752 Ideo
1132 1711 1211 1773 prae-

219 1786 369 1851 termissis
382 1787 513 1863 caeteris,
527 1787 556 1848 in
574 1807 624 1849 me
644 1793 677 1850 et
697 1785 811 1868 Apollo
825 1786 967 1848 transtuli
977 1805 986 1858 ;·
1001 1794 1036 1850 ut
1057 1789 1210 1854 humilita-
1252 1782 1254 1786 ’

219 1897 283 1950 tem
306 1886 335 1948 iu
362 1886 449 1949 nobis
475 1886 597 1970 discatis
625 1887 745 1949 habere.
774 1921 817 1932 -
841 1884 948 1969 Supra
966 1887 1090 1972 priam]
1113 1890 1213 1972 Supra

217 1987 364 2070 scriptum
377 1994 425 2050 est
435 1987 517 2049 nullo
528 1987 619 2048 modo
630 2005 686 2068 pro
696 1984 870 2048 doctoribus
878 2005 946 2047 esse
957 1986 1190 2068 superbiendum
1204 2014 1209 2051 :

218 2087 289 2170 quia
299 2088 358 2172 ipsi
370 2088 525 2161 doctores,
551 2086 681 2149 ministri
701 2092 821 2150 tantum
837 2093 909 2149 sunt
933 2107 990 2150 nec
1013 2087 1127 2170 aliquid
1148 2111 1214 2153 esse

218 2187 443 2266 existimantur,
462 2188 502 2250 ad
517 2185 775 2268 comparationem
791 2186 869 2271 ejus,
894 2207 985 2269 aquo
1004 2195 1035 2250 et
1049 2209 1105 2270 per
1122 2211 1212 2273 quern

218 2286 437 2351 incrementum
455 2287 556 2349 datur.
582 2321 622 2333 -
651 2283 731 2370 Quis
755 2293 838 2347 enim
854 2298 884 2347 te
905 2285 1094 2374 discernit]
1117 2291 1213 2368 Quasi

218 2386 352 2451 diceret:
370 2387 437 2450 Sia
452 2385 748 2469 massaperditorum
766 2393 796 2448 te
808 2385 914 2450 doctor
930 2394 1001 2451 tuus
1014 2387 1209 2462 discerneret.

218 2485 374 2550 tolerabile
396 2485 523 2550 forsitan
539 2492 631 2559 esset,
650 2485 676 2547 si
693 2505 750 2567 pro
771 2506 808 2547 eo
829 2488 1018 2570 superbires:
1044 2510 1124 2554 nunc
1138 2513 1211 2555 vero

180 2635 183 2645 ,
219 2585 429 2660 minime;sed
444 2605 583 2669 pereum
598 2585 741 2649 discernit
759 2593 791 2648 te
809 2586 904 2650 Deus.
933 2623 973 2636 -
1003 2587 1091 2672 Quid
1106 2604 1211 2652 cirtem

219 2684 315 2748 habes
325 2684 363 2771 P]
378 2685 472 2749 Aliud
484 2706 580 2769 genus
594 2685 774 2769 arrogantiae
788 2707 931 2751 amovere
942 2695 1083 2763 conatur,
1103 2690 1211 2754 videli-

219 2794 269 2850 cet
281 2806 321 2848 ne
332 2786 423 2849 homo
434 2785 590 2869 superbiat
603 2785 737 2868 aliquam
753 2786 897 2870 gratiam,
915 2787 973 2851 sibi
984 2787 1136 2863 collatam,
1154 2811 1210 2872 pu·

219 2894 290 2949 tans
305 2907 374 2949 eam
386 2907 418 2949 se
429 2886 541 2950 habere
553 2906 572 2948 a
583 2906 617 2948 se
627 2909 634 2958 ;
646 2885 715 2948 ideo
726 2885 810 2961 dicit,
820 2887 894 2970 quid
907 2895 1010 2952 autem
1020 2888 1124 2961 habes,
1136 2899 1211 2961 eto.;

221 2985 295 3049 acsi
309 2986 402 3061 dicat,
420 2986 446 3049 si
461 2994 564 3049 autem
575 2986 618 3049 sis
629 2994 788 3070 separatus
800 3008 819 3050 a
830 2989 975 3069 peccatis.
992 2988 1061 3050 ideo
1081 2986 1141 3050 non
1157 2990 1215 3051 de·

220 3087 275 3148 bes
285 3084 422 3169 gloriari;
436 3085 518 3148 nullo
531 3086 612 3149 enim
627 3086 709 3168 quod
719 3087 840 3149 aliunde
851 3085 1014 3168 acceperis,
1034 3087 1127 3149 debes
1149 3087 1216 3169 glo-

220 3183 310 3258 riori,
325 3186 460 3268 separari
473 3185 637 3268 apeccatis
648 3185 769 3249 aliunde
784 3184 945 3268 accepisti;
959 3183 1112 3266 namquid
1122 3184 1217 3248 habes

221 3285 303 3368 quod
324 3304 384 3348 non
403 3286 442 3348 ab
467 3285 526 3348 alio
550 3285 713 3370 accepistil
731 3285 805 3348 nihil
822 3285 938 3369 utique.
964 3287 1063 3368 Ergo,
1085 3295 1146 3348 eto.
1173 3320 1214 3332 -

220 3383 568 3469 famulaminum]
594 3386 642 3448 De
657 3385 839 3468 quibusdam
855 3384 1080 3450 Corinthiorum
1102 3385 1215 3449 intelli-

221 3482 353 3566 gendum
369 3490 433 3555 est;
452 3484 504 3567 qui
513 3489 585 3566 post
599 3483 763 3547 discessum
777 3485 931 3568 Apostoli,
957 3494 1115 3568 ccepenmt
1137 3486 1214 3548 deli-

221 3581 276 3645 ciis
287 3577 424 3653 affluere,
443 3589 476 3647 et
486 3589 675 3646 terrenarum
685 3605 779 3667 opum
796 3584 908 3649 divites
921 3606 1009 3649 esse:
1028 3585 1126 3650 sancti
1136 3605 1214 3668 quo-

222 3702 281 3764 que
291 3681 426 3764 Spiritus
437 3684 518 3745 dona
528 3685 560 3744 in
570 3691 723 3746 terrenum
736 3684 853 3747 lucrum
863 3694 1050 3759 convertere,
1063 3685 1217 3766 dequibus

221 3780 315 3845 dicit:
331 3783 403 3846 Jam
421 3783 568 3857 saturati,
588 3792 648 3847 etc.
675 3820 719 3832 —
745 3783 873 3847 Utinam
890 3794 1040 3871 regnetis.
1053 3784 1064 3869 ]
1079 3785 1212 3863 Scilicet,

221 3877 338 3941 ooelesti
352 3898 464 3962 regno,
487 3879 537 3942 vel
548 3885 651 3943 utros
661 3879 745 3963 ipsos
756 3883 833 3944 bene
850 3882 977 3966 regatis.
1004 3918 1047 3929 -
1070 3880 1216 3945 Novissi-

222 3999 300 4041 mos.
315 3976 326 4062 ]
343 3979 510 4062 Apostolos
524 3999 597 4042 suos
607 3980 799 4054 novissimos
814 3976 846 4043 id
864 3989 922 4054 est,
937 3981 1117 4055 vilissimos,
1135 3983 1215 4065 apud

223 4078 507 4143 menteshominum
522 4079 686 4144 infidelium
698 4102 766 4144 esse
779 4081 877 4144 voluit
886 4080 1043 4155 ChristnS,
1058 4088 1093 4144 ut
1110 4081 1216 4167 majori

223 4176 253 4240 in
267 4176 384 4242 coelasti
394 4179 491 4263 gloria
503 4179 628 4261 praemio
644 4186 833 4246 coronentur.
858 4217 903 4230 --
931 4180 1093 4266 Tanquam
1109 4188 1215 4241 morri,

223 4275 382 4341 Victorum
390 4285 463 4342 tunc
472 4279 618 4361 temporis
629 4279 722 4341 moris
733 4286 810 4352 erat,
824 4281 970 4361 quosdam
981 4281 1011 4341 in
1025 4279 1217 4361 expeditione
