3184 5442
391 699 479 740 ursus
504 699 543 739 oe
565 697 701 739 cosroen
724 698 763 738 nr
787 697 878 737 ssxc.
905 699 1024 739 mrim.
1145 681 1207 742 175

256 839 311 902 17.
335 838 485 902 Benene.
515 870 528 888 ι
555 837 633 916 Quis
654 837 736 900 enim
754 845 807 900 ant
827 838 945 901 ratione
963 840 1129 922 concipiat,
1154 850 1208 905 ant

210 960 267 1022 per
277 939 455 1008 miraculum
463 938 528 1000 fieri
536 958 628 1020 posse
641 937 806 1014 concedat,
818 957 929 1018 mrem
943 938 1042 1023 bungi
1052 941 1084 1002 in
1095 940 1208 1004 Christi

210 1061 348 1123 corpore,
365 1040 447 1123 quod
461 1045 531 1122 pust
544 1038 795 1101 resurrectionem
811 1046 878 1100 tota
893 1039 977 1121 n'get
994 1039 1208 1124 incorruptibi-

209 1141 309 1216 litate,
325 1149 358 1205 et
370 1140 514 1224 usquein
527 1148 667 1224 tempora
681 1138 884 1202 restitutionis
899 1140 1035 1204 omnium
1049 1143 1126 1206 coelo
1139 1164 1208 1207 ma·

210 1248 265 1304 net
277 1241 497 1306 indevocabile.
517 1272 531 1293 „

254 1343 378 1405 hura.
403 1341 545 1418 Quonam
561 1340 653 1402 modo
666 1339 754 1422 panis
774 1338 922 1403 efficiatur
937 1360 1024 1414 curo,
1044 1341 1210 1426 uiriumque

211 1448 407 1504 convertatur
425 1440 458 1503 in
476 1439 669 1524 sunguinem,
693 1440 853 1522 utriusque
875 1440 1077 1504 essentialiter
1091 1449 1211 1507 mutata

211 1548 322 1604 natura
334 1565 341 1603 :
355 1543 459 1627 justus
472 1543 525 1623 qui
548 1562 588 1602 ex
604 1541 667 1602 tide
679 1539 775 1613 vivit,
797 1540 925 1604 scrutari
948 1542 1153 1624 argumentis.
1179 1550 1211 1606 et

211 1641 369 1723 concipere
394 1641 513 1704 rabone
539 1660 600 1702 non
626 1637 745 1721 querit.
777 1639 899 1703 Mavult
927 1640 1009 1703 enim
1036 1643 1212 1706 coelestrbus

171 1802 173 1808 .
212 1740 369 1826 mysteriis
386 1761 466 1804 nunc
486 1741 577 1802 fidem
597 1738 756 1812 adbibere,
779 1746 816 1802 ut
830 1739 871 1802 ad
883 1739 953 1802 fidei
971 1741 1097 1822 praemia
1108 1742 1211 1806 valeat

212 1840 396 1923 quandoque
415 1838 575 1924 pervenire
595 1861 603 1900 z
632 1859 724 1921 quam
746 1838 807 1900 tide
827 1839 940 1902 omissa
960 1839 992 1901 in
1011 1842 1210 1924 comprehen-

211 1940 319 2005 dendis
329 1941 384 2015 iis,
405 1961 473 2023 quae
490 1938 706 2022 comprehendi
725 1958 786 2000 non
804 1946 944 2020 pooeunt,
963 1960 1150 2022 supervacue
1163 1942 1210 2005 la·

175 2066 180 2073 ·
211 2042 331 2116 borure,
345 2041 445 2106 sciens
458 2039 604 2123 scriptum
620 2058 688 2100 csse
703 2061 709 2098 z
732 2068 746 2090 n
761 2037 883 2101 Altiora
896 2046 928 2101 te
937 2060 978 2101 ne
992 2040 1161 2122 quaesieriS,
1180 2050 1212 2105 et

211 2139 339 2205 fortiora
349 2148 381 2204 te
391 2160 431 2202 ne
439 2147 593 2204 scrutatus
603 2137 696 2201 fueris
707 2162 715 2211 ;
737 2139 792 2201 sed
807 2159 876 2221 quae
887 2139 1031 2223 precepit
1047 2140 1103 2203 tibi
1112 2142 1209 2216 Deus,

212 2240 264 2304 illa
281 2240 383 2324 cogita
403 2261 535 2323 semper,
555 2246 589 2302 et
608 2239 641 2300 in
658 2238 797 2322 pluribus
818 2239 959 2322 operibus
979 2240 1045 2324 ejus
1063 2261 1101 2302 ne
1119 2239 1212 2305 fueris

213 2339 360 2404 curiosus
374 2371 387 2394 n
400 2339 433 2403 N
433 2360 473 2402 on
482 2345 530 2401 est
539 2337 621 2400 enim
631 2337 685 2401 tibi
695 2337 901 2401 necessarium
912 2359 949 2401 ea
956 2358 1025 2421 quae
1035 2340 1213 2406 abscondita

196 2445 285 2521 'sunt
298 2439 403 2503 videre
420 2437 515 2502 oculis
531 2438 604 2501 tuis.
621 2436 736 2501 Divina
753 2447 858 2500 tamen
871 2438 1010 2521 potentia
1035 2439 1214 2504 mirabiliter

214 2545 360 2621 operante
377 2537 442 2601 lieri
457 2558 549 2620 posse
565 2536 712 2600 concedit.
728 2537 797 2600 Nec
816 2536 938 2600 defuere
959 2538 1142 2620 quibusdam
1158 2541 1212 2604 dn-

213 2637 382 2703 bitantibns
399 2637 493 2720 digna
509 2636 673 2711 miracula,
692 2636 803 2719 quibus
822 2657 921 2700 rerum
936 2637 1101 2702 visibilium
1120 2648 1213 2723 atque

214 2736 453 2821 corruptibilium
470 2737 581 2801 ablatis
595 2738 791 2821 tegumentis,
814 2737 903 2802 sicini
921 2758 1028 2802 revera
1043 2746 1102 2814 est,
1119 2760 1214 2822 appa-

215 2843 295 2901 reret
308 2836 515 2920 corporalibus
530 2835 623 2900 oculis
636 2857 708 2900 caro
722 2835 853 2911 Christi,
872 2845 904 2900 et
918 2837 1057 2922 sanguis,
1072 2839 1211 2923 omnipo-
1244 2905 1247 2911 ,

214 2940 300 3000 tente
321 2937 390 3000 Deo
409 2936 642 3000 misericorditer
661 2944 791 3000 sanante
814 2937 1000 2999 infirmorum
1023 2937 1213 3002 imbecillita-

215 3045 299 3113 tem,
327 3046 359 3100 et
383 3036 558 3101 terribiliter
586 3037 754 3100 damnante
778 3043 872 3119 atque
899 3044 1055 3099 evertente
1079 3038 1213 3099 omnium

215 3135 426 3201 hereticorum
442 3137 654 3201 detestabilem
665 3137 862 3220 pravitatem.
877 3136 1015 3213 Quorum
1031 3133 1119 3198 officii
1134 3134 1214 3197 inte-

216 3246 280 3301 rest
303 3237 471 3321 simplicem
496 3236 673 3312 infantium,
704 3245 798 3320 atque
824 3235 1017 3311 lactentium,
1046 3235 1215 3318 exquibus

216 3337 339 3400 laudem
353 3335 481 3420 perfecit
496 3337 652 3412 christun,
668 3338 759 3401 fidem
771 3336 912 3411 irridere,
930 3335 1098 3400 rationibus
1113 3335 1215 3399 omnia

216 3437 296 3501 velle
311 3437 576 3520 comprehendere,
597 3457 665 3502 cum
677 3436 737 3520 ipsi
750 3437 811 3500 sint
827 3436 954 3500 rationis
970 3443 1123 3519 expertes,
1142 3434 1215 3500 facti

218 3544 343 3620 propter
355 3535 574 3620 arrogantiam,
593 3543 625 3599 et
644 3535 839 3599 sterilitatem
853 3535 932 3600 sicut
947 3556 1043 3618 equus
1055 3541 1088 3601 et
1101 3535 1212 3611 mulus,

218 3635 250 3697 in
275 3636 385 3719 quibus
404 3656 465 3699 non
483 3642 532 3699 est
549 3635 731 3700 intellectus.
754 3635 845 3712 Quod
866 3656 940 3699 vero
961 3633 1215 3717 incorruptionem

218 3734 360 3801 dominici
373 3735 524 3819 corporiS,
543 3743 574 3800 et
588 3736 671 3819 quod
687 3736 763 3800 coelo
777 3757 874 3819 usque
889 3737 920 3799 in
940 3735 1021 3798 diem
1038 3734 1143 3820 judicii
1160 3734 1215 3796 de-

218 3835 319 3898 vocari
334 3856 394 3898 non
406 3835 523 3919 possit:
542 3836 613 3898 fidei
631 3842 743 3899 nostrae
761 3856 824 3919 qua
840 3835 940 3918 ipsum
958 3854 1030 3898 vere
1046 3855 1065 3896 a
1079 3833 1217 3897 fidelibus

219 3933 282 3999 suis
308 3936 484 4000 manducari
508 3936 676 4009 credimus,
706 3936 793 4018 quusi
818 3955 940 3998 causum
965 3932 1218 4016 impossibilitatis

218 4035 356 4118 opponis,
374 4034 510 4119 prolecto
528 4037 620 4100 fidem
639 4043 777 4100 nostram
789 4043 915 4099 autnon
928 4033 1083 4117 intelligr‘s,
1102 4039 1155 4096 ant
1169 4032 1217 4095 in-

221 4136 374 4200 tellectam
399 4137 479 4200 mele
500 4137 680 4219 exponendo
700 4137 740 4201 ad
759 4144 847 4200 tuam
867 4134 962 4219 ipsius
984 4133 1147 4216 perniciem
1167 4133 1218 4194 de-

224 4257 352 4319 pravare
371 4236 539 4300 contendis
564 4231 615 4299 Sic
636 4237 715 4299 enini
735 4236 886 4300 credimus
906 4255 977 4298 vere
1000 4232 1219 4314 salubriterque
