3184 5442
552 746 759 789 sircrnnmum
783 749 850 789 srva
874 747 1031 788 DIALOGFS.
1224 727 1293 790 2853

343 888 396 949 13.
423 887 472 948 De
475 885 588 971 judice
599 899 629 946 et
644 886 868 948 assessoribus,

339 1014 379 1076 D.
397 1012 487 1091 Quali
501 1010 599 1073 forma
614 1012 774 1094 apparebit
786 1013 828 1075 ibi
839 1013 1007 1076 Dominusl
1021 1049 1060 1060 -
1080 1013 1125 1076 M.
1135 1012 1250 1076 Electis
1263 1015 1292 1074 in

294 1132 331 1173 ca
342 1110 451 1188 sonna,
469 1131 530 1194 qua
548 1110 579 1172 in
591 1118 695 1174 monte
707 1113 852 1196 apparuit
868 1139 873 1174 :
893 1114 1034 1196 reprobis
1045 1133 1119 1176 vero
1130 1112 1162 1175 in
1175 1134 1223 1186 ea,
1234 1133 1295 1195 qua

292 1212 324 1273 in
338 1232 424 1275 onice
440 1210 594 1294 pependit.

337 1325 379 1388 D.
397 1324 466 1387 Erit
477 1344 552 1386 crux
565 1321 618 1397 ibi,
638 1322 764 1408 lignum,
788 1325 913 1400 scilicet,
933 1327 964 1388 in
979 1347 1040 1409 quo
1054 1326 1206 1390 Dominus
1225 1347 1294 1409 pas

295 1444 347 1485 sus
356 1424 423 1487 estl
433 1460 472 1471 —
486 1423 532 1486 M.
542 1423 759 1506 Nequaquam,
775 1426 830 1488 sed
839 1426 892 1488 lux
906 1427 938 1488 in
953 1427 1077 1489 modum
1088 1426 1184 1489 crucis
1195 1426 1293 1509 splen-

294 1523 391 1586 didior
406 1525 480 1587 sole.

338 1637 378 1700 D.
399 1638 502 1715 Quare
518 1636 609 1700 faciet
625 1637 721 1700 Filius
727 1637 896 1723 judiciumt
908 1674 948 1685 -
957 1639 1003 1700 Μ.
1016 1638 1112 1701 Filius
1126 1637 1291 1700 similitudo

293 1736 352 1799 Dei
366 1745 432 1800 est:
450 1738 588 1820 Angelus
601 1746 703 1800 autem
721 1746 753 1801 et
764 1739 854 1801 homo
865 1748 1089 1821 usurpaverant
1111 1739 1168 1801 sibi
1182 1736 1288 1800 simili·

294 1836 430 1900 tudinem
445 1838 504 1901 Dei
521 1863 526 1899 :
542 1839 659 1923 justum
675 1845 727 1915 est,
738 1859 811 1920 ergo
827 1847 861 1901 ut
875 1839 923 1901 cui
937 1837 1018 1902 facta
1037 1847 1084 1901 est
1102 1837 1222 1923 injuria,
1236 1839 1289 1922 ju-

294 1937 403 2000 dicium
418 1938 511 2001 faciat
526 1960 580 2021 pro
592 1938 743 2001 vindicta:
760 1939 901 2020 quamvis
911 1939 1005 2002 Pater
1023 1938 1192 2021 etSpiritus
1203 1958 1288 2000 sanc-

294 2047 344 2100 tus
358 2039 385 2100 ei
396 2047 605 2122 cooperentur.

339 2152 378 2214 D.
401 2151 470 2214 Erit
484 2151 525 2213 ibi
548 2151 636 2235 sedes
655 2150 684 2211 in
709 2171 771 2232 qua
785 2150 909 2222 sedeat,
936 2159 970 2212 ut
984 2149 1108 2212 dicitur:
1135 2180 1147 2200 u
1164 2149 1290 2212 Sedebit

296 2271 387 2334 super
405 2251 509 2313 sedem
531 2250 723 2334 majestatist
749 2283 760 2302 „
786 2286 826 2297 -
848 2251 896 2312 M.
919 2249 1059 2314 Christus
1080 2250 1190 2313 dicitur
1210 2243 1291 2312 nunc

295 2358 388 2424 stare,
401 2360 433 2414 et
442 2373 498 2434 pro
508 2372 621 2434 sponsa
639 2371 694 2413 sua
705 2371 857 2433 pugnare:
872 2358 944 2414 tunc
955 2351 1082 2420 devictis
1095 2350 1242 2424 hostibus,
1259 2358 1291 2412 et

295 2472 407 2533 sponsa
418 2453 459 2514 ad
470 2472 503 2514 se
515 2458 638 2534 recepta
652 2450 683 2512 in
698 2452 861 2536 majestate
876 2451 993 2514 sedebit
1007 2474 1013 2511 ;
1031 2451 1089 2514 hoc
1103 2459 1150 2513 est
1161 2502 1173 2527 χ
1186 2450 1291 2513 huma-

295 2549 376 2614 nitas
386 2551 417 2614 in
428 2551 589 2615 divinitate
601 2551 782 2634 requiescet.
801 2551 905 2636 Super
913 2551 1018 2612 sedem
1030 2573 1117 2612 suum
1133 2553 1226 2613 etiam
1240 2575 1290 2613 se·

296 2649 389 2726 flebit,
408 2652 481 2735 quia
492 2653 530 2716 ab
543 2650 626 2714 omni
641 2651 743 2714 labore
753 2649 783 2712 in
793 2651 931 2714 Ecclesia
944 2651 1086 2714 cessabit.
1095 2652 1211 2714 Tamen
1219 2652 1291 2734 quia

295 2749 385 2813 homo
397 2751 439 2814 ibi
451 2751 623 2835 apparebit,
634 2772 725 2832 super
740 2752 846 2813 sedem
861 2752 900 2812 de
909 2771 982 2812 aere
1000 2759 1188 2832 assumptam
1199 2753 1291 2835 utju-

295 2850 356 2912 dex
369 2853 474 2915 sedere
487 2851 630 2933 creditur.

339 2964 380 3026 D.
400 2965 568 3026 Habebunt
578 2963 721 3045 Apostoli
735 2963 836 3034 sedes,
851 2969 886 3024 ut
901 2962 1026 3024 dicitur:
1047 2992 1059 3014 u
1074 2960 1227 3024 Sedebitis
1242 2983 1293 3024 su-

295 3084 349 3145 per
362 3064 450 3128 sedes
463 3064 633 3138 duodecim,
645 3063 816 3149 judicantes
832 3063 989 3126 duodecim
1005 3063 1102 3125 tribus
1113 3061 1224 3124 Israel‘l
1232 3094 1291 3115 „—

296 3166 341 3228 M.
360 3162 559 3228 Conscientiae
577 3185 682 3227 eorum
694 3170 766 3226 sunt
780 3163 871 3226 sedes
886 3161 1042 3236 eorum‚in
1054 3161 1162 3244 quibus
1175 3162 1295 3225 devicto

299 3265 412 3328 mundo
426 3274 457 3329 et
471 3265 565 3340 vitiis,
582 3265 673 3348 ,quasi
687 3267 718 3327 in
733 3265 805 3327 sede
820 3264 1043 3347 triumphantes
1058 3262 1221 3346 quiescent.
1234 3263 1294 3325 Sed

296 3374 328 3427 et
343 3365 402 3448 ipsi
422 3386 513 3448 super
528 3366 618 3428 sedes
635 3365 674 3427 de
690 3385 760 3428 aere
783 3364 964 3428 videbuntur
984 3364 1101 3434 sedere,
1120 3372 1155 3425 ut
1168 3361 1293 3436 dicitur;

307 3494 319 3513 u
335 3464 493 3529 Sedebant
508 3486 598 3548 super
612 3467 700 3529 sedes
714 3466 745 3528 in
759 3465 882 3551 judicio.
900 3498 911 3519 ι’

342 3576 386 3638 D.
399 3576 539 3654 Qualiter
549 3578 603 3640 fiet
613 3576 778 3662 judiciuml
793 3577 891 3638 -Μ,
908 3576 998 3639 Nunc
1012 3575 1160 3637 suntboni
1181 3582 1213 3637 et
1224 3574 1296 3636 mali

298 3675 387 3737 mixti
401 3700 407 3747 ;
423 3685 454 3740 et
470 3677 558 3740 multi
574 3677 718 3740 videntur
743 3677 826 3749 boni,
844 3677 897 3758 qui
912 3684 982 3740 sunt
996 3675 1085 3745 mali;
1104 3683 1135 3738 et
1147 3674 1234 3737 multi
1245 3696 1299 3757 pu·

297 3785 401 3840 tantur
416 3777 499 3851 mali,
520 3779 572 3859 qui
587 3788 660 3842 sunt
671 3777 753 3840 boni.
780 3778 866 3840 Tunc
877 3778 916 3839 ab
932 3776 1062 3860 Angelis
1076 3775 1146 3838 boni
1161 3798 1181 3838 a
1195 3776 1294 3847 malis

296 3889 330 3939 ut
347 3898 442 3959 grana
456 3898 476 3939 a
490 3877 597 3959 paleis,
613 3885 821 3949 secernentur,
841 3877 916 3939 etin
940 3884 1070 3958 quatuor
1086 3876 1206 3939 ordines
1220 3875 1298 3939 divi-

296 3976 417 4039 dentur.
437 3978 525 4040 Unus
553 3979 628 4041 ordo
643 3986 692 4041 est
712 3977 913 4059 perfectorum
927 3998 994 4040 cum
1006 3977 1073 4040 Deo
1085 3976 1296 4062 judicantium.

297 4075 387 4139 Alter
399 4077 563 4161 justorum,
579 4078 632 4159 qui
647 4097 701 4159 per
713 4077 861 4162 judicium
875 4076 1042 4139 salvantur.
1055 4077 1176 4140 Tertius
1187 4074 1299 4157 impio-

297 4196 363 4237 rum
380 4176 446 4238 sine
471 4176 588 4262 judicio
615 4176 819 4258 pereuntium.
837 4175 972 4252 Quartus
997 4174 1222 4256 malomn1‚qui
1246 4194 1300 4256 per

293 4275 438 4360 judicium
455 4278 651 4340 damnantur.
