3184 5442
302 750 367 812 268
678 768 707 808 n.
735 765 910 808 uanrnnncr

303 909 503 971 Dimittuntur
516 931 521 979 ;
541 908 594 968 sed
609 927 675 969 cum
690 907 748 989 ipsi
762 913 834 988 post
849 905 879 965 in
893 903 999 966 eadem
1011 912 1140 984 peccata
1157 905 1296 966 relabun-

303 1019 352 1073 tur
365 1034 370 1070 :
382 994 460 1089 'quar
479 1007 603 1069 dimissa
619 1013 716 1080 erant,
739 1006 832 1068 ctiam
847 1004 877 1065 in
893 1025 945 1065 eos
960 1002 1136 1066 relabuntur
1151 1011 1183 1066 et
1199 1005 1296 1067 revol-

302 1115 432 1179 vuntur,
448 1117 482 1171 ut
495 1107 622 1170 dicitur:
649 1136 661 1157 ιι
678 1106 777 1170 Omne
794 1104 928 1167 debitum
944 1102 1044 1165 dimisi
1062 1102 1118 1165 tibi
1134 1136 1162 1177 ιι,
1181 1111 1214 1166 et
1228 1125 1297 1166 mox

302 1207 456 1269 subditur:
479 1237 491 1256 u
510 1204 649 1268 Tradidit
668 1226 737 1267 eum
753 1204 933 1274 tortoribus
958 1202 1054 1265 donec
1069 1203 1213 1266 redderet
1231 1205 1296 1266 uni-

301 1327 421 1368 versum
431 1304 576 1367 debitum.
602 1337 614 1356 „
952 1382 958 1392 θ

345 1407 384 1469 D.
412 1404 475 1468 Cur
494 1403 644 1487 permittit
658 1424 711 1466 eos
725 1405 811 1467 Deus
830 1403 870 1465 ad
882 1401 1035 1485 baptisma
1049 1400 1100 1463 vel
1113 1403 1155 1464 ad
1172 1403 1233 1467 alia
1247 1427 1296 1468 sa-

300 1514 455 1567 cramenta
470 1505 628 1577 accedere,
653 1525 722 1568 cum
743 1525 796 1566 eos
817 1503 893 1566 sciat
910 1504 948 1565 ab
967 1502 1012 1564 his
1027 1502 1174 1565 deficeret
1190 1539 1234 1550 —
1248 1507 1293 1568 M.

299 1605 430 1687 Propter
442 1605 564 1679 clectos
582 1612 617 1667 ut
633 1605 746 1668 dictum
759 1612 817 1678 est,
829 1611 865 1667 ut
874 1603 997 1666 trahant
1011 1624 1063 1664 eos
1077 1605 1229 1686 exemplo.

344 1704 385 1766 D.
413 1705 488 1782 Quae
500 1726 532 1766 es
534 1703 748 1787 tblasphemia
760 1704 893 1786 Spiritus
902 1710 998 1766 sanci
1009 1723 1101 1784 ‚quae
1113 1724 1175 1764 non
1192 1707 1296 1769 remit·

301 1812 382 1867 tetur
393 1827 491 1887 neque
503 1805 533 1866 in
544 1805 601 1868 hoc
612 1805 719 1867 saeculo
736 1825 835 1886 neque
849 1804 879 1865 in
891 1803 937 1866 fut
925 1803 1064 1866 ιιιιοι-
1026 1804 1125 1865 -.Μ
1148 1805 1295 1888 Impoeni-

302 1906 397 1967 tentia
413 1914 444 1966 et
463 1904 654 1968 diffidentia
646 1925 677 1966 ιιι
694 1903 811 1986 Spiritu
834 1911 939 1966 sancto
959 1924 1019 1964 non
1040 1903 1129 1965 datur
1160 1907 1297 1970 remissio

301 2013 407 2085 peccat
408 2027 515 2067 orum:
538 2003 589 2086 qui
614 2003 655 2088 igi
658 2011 707 2066 tur
658 2004 769 2066 tde
793 2003 893 2086 gratia
910 2003 1042 2084 Spiritus
1066 2003 1165 2066 sancti
1141 1994 1299 2070 tdiffidit

301 2113 405 2166 non
414 2105 612 2186 poemhic
623 2103 854 2186 blasphemam
866 2103 1006 2185 spiritum
1018 2110 1105 2165 sanct
1105 2125 1182 2175 um·,
1199 2107 1298 2170 cthoc

302 2211 348 2263 est
360 2201 565 2264 irremissibile
575 2211 746 2283 peccatum

342 2502 395 2562 32.
426 2501 472 2560 De
480 2513 590 2578 morte,
607 2501 687 2562 etde
700 2502 863 2588 sepultura
879 2502 1026 2564 bonorum
1041 2516 1072 2565 et
1082 2504 1250 2566 malorum..

342 2601 383 2663 D.
409 2601 509 2663 Nocet
524 2601 612 2664 bonis
626 2602 651 2663 si
666 2602 857 2676 occidantur,
880 2604 929 2665 vel
949 2602 1049 2666 subita
1063 2611 1162 2666 morte
1175 2602 1298 2688 rapian-

297 2699 363 2762 tur?
383 2700 480 2762 -Μ,
497 2699 583 2762 Nihil
597 2701 728 2783 penitus,
748 2703 820 2765 Nun
836 2701 916 2764 enim
932 2703 1032 2765 subita
1046 2706 1296 2791 mortelmoriun-

297 2810 357 2875 tur,
375 2801 427 2884 qui
441 2822 474 2863 se
488 2822 608 2883 semper
622 2803 757 2884 cogitant
770 2802 943 2864 morituros.
963 2802 1036 2866 Sive
1057 2823 1129 2884 ergo
1142 2802 1224 2865 ferro
1240 2805 1298 2866 im-

297 2902 459 2978 molentur,
472 2901 537 2962 sive
552 2922 571 2962 a
585 2901 690 2963 bestiis
702 2900 917 2974 dilacerentur,
933 2908 988 2963 aut
998 2899 1132 2963 fiammis
1146 2902 1199 2965 vel
1212 2904 1300 2966 undis

297 3001 526 3083 immergantur,
540 3014 594 3063 aut
609 3002 842 3111 suspendantur,
861 3001 910 3063 vel
921 3001 953 3062 in
965 3010 1031 3064 rota
1041 3000 1237 3086 frangantur,
1251 3005 1299 3067 vel

298 3101 433 3182 quolibet
420 3099 545 3163 tinsort
533 3100 616 3163 tunic
632 3100 747 3163 morian
750 3108 817 3174 t;ur
834 3123 954 3211 semper
966 3101 1100 3184 pretiosa
1114 3105 1184 3165 est
1176 3124 1211 3164 ιιι
1225 3124 1299 3167 con-

298 3209 405 3282 spectu
422 3200 546 3264 Domini
564 3222 645 3264 mors
663 3208 873 3264 sanctorume
857 3202 941 3286 ejus
967 3210 1002 3264 ut
1018 3202 1091 3264 dicit
1078 3210 1147 3265 t:ur
1177 3204 1300 3280 Qua-

297 3321 414 3383 cunque
434 3321 500 3362 mor
502 3301 645 3384 tejustus
664 3300 828 3374 moriatur
851 3301 926 3384 justi
916 3299 971 3362 itia
986 3301 1051 3384 ejus
1069 3323 1130 3363 non
1145 3301 1302 3366 auferetur

298 3404 335 3464 ab
352 3423 398 3464 eo.
416 3432 427 3452 ιι
451 3403 493 3462 Ει
505 3401 576 3462 talis
591 3423 673 3464 mors
685 3423 745 3463 non
758 3403 859 3474 obest,
878 3401 939 3461 imo
952 3402 1081 3464 multum
1094 3402 1138 3463 eis
1149 3405 1278 3485 prodest
1291 3427 1297 3476 ;

297 3501 368 3582 quia
382 3499 408 3562 si
423 3499 495 3580 quid
514 3501 630 3579 peccati
652 3506 869 3563 contraxerunt
888 3520 941 3581 per
961 3499 1126 3562 humanam
1148 3500 1301 3585 fragilita-

296 3606 370 3671 tem,
386 3598 541 3659 relaxatur
552 3619 606 3681 per
619 3600 725 3663 mortis
736 3600 946 3663 acerbitatem.

338 3697 379 3759 D.
406 3696 535 3759 Prodest
550 3699 648 3772 malis,
668 3700 693 3760 si
711 3701 762 3762 diu
777 3702 959 3764 decumbant
976 3700 1006 3761 in
1027 3699 1114 3761 lectis
1129 3708 1299 3783 antequam

296 3793 479 3855 moriantur?
494 3830 533 3841 —
548 3795 593 3856 M.
617 3797 713 3858 Nihil.
738 3799 925 3882 Quacunque
944 3798 1026 3860 enirn
1042 3805 1140 3860 morte
1160 3799 1297 3861 morian·

295 3900 354 3967 ιιιι,
374 3892 454 3954 mala
475 3902 507 3956 et
525 3895 625 3957 subita
643 3903 740 3958 morte
760 3900 948 3975 moriuntur,
975 3897 1070 3981 quiin
1084 3897 1219 3960 Domino
1236 3920 1296 3961 non

295 3991 473 4062 moriuntur,
493 4000 525 4054 et
540 3993 590 4075 qui
603 4015 756 4076 nunquam
778 3998 989 4082 cogitaverunt
1010 4017 1043 4058 se
1061 3996 1242 4070 morituros;
1265 4006 1296 4061 et

293 4092 360 4153 ideo
377 4111 496 4173 semper
508 4113 590 4154 mors
604 4100 798 4174 peccatorum
815 4103 862 4159 est
876 4096 1022 4179 pessima.

337 4192 379 4253 D
406 4190 503 4254 Obest
491 4193 590 4275 tjust
592 4192 617 4254 is
643 4192 798 4274 aliquid
775 4215 801 4254 si
822 4195 851 4256 in
874 4203 985 4257 coemet
986 4195 1048 4256 erio
1071 4195 1216 4258 Ecclesiae
1234 4217 1293 4258 non

293 4291 439 4373 sepeliant
440 4289 493 4350 ur.
510 4292 606 4353 -Μ
626 4290 710 4354 Nihil
726 4313 861 4373 prorsus.
884 4296 980 4357 Totus
1003 4295 1082 4356 enim
1098 4296 1227 4357 mundus
1247 4304 1292 4358 cst
