3184 5442
299 710 343 774 62
674 730 706 771 n.
732 726 909 772 nnnrnnnm
1022 756 1025 760 ,

298 868 400 932 altera
417 866 554 953 loquitur
571 865 617 928 ad
626 864 792 952 populumss
812 861 872 928 Cui
886 862 971 926 dixu
985 864 1044 927 hoe
1057 889 1069 928 .·
1084 866 1293 953 Requiescere

288 971 398 1055 jacite
418 964 536 1028 lassum
546 1013 556 1043 ‚
578 977 609 1027 et
628 965 687 1028 hoo
708 977 756 1027 est
775 986 876 1026 nuum
896 961 1123 1050 refrigerium,
1141 979 1172 1030 ei
1183 967 1293 1031 mue-

299 1079 372 1130 runt
382 1064 505 1128 audire.
532 1100 574 1115 -
601 1064 760 1150 Quoniam
775 1071 810 1126 in
824 1062 931 1149 aliia]
942 1064 1022 1128 Item
1036 1067 1147 1148 pmbut
1158 1069 1293 1152 prophe·

300 1167 375 1230 tiam
389 1215 396 1241 ,
414 1164 513 1248 magis
524 1184 590 1258 esse
600 1163 804 1248 appetendam
816 1183 909 1246 quum
923 1163 1005 1246 loqui
1016 1163 1137 1249 linguis.
1153 1166 1294 1250 Prophe-

299 1265 345 1328 tia
364 1263 443 1327 enim
467 1265 580 1326 bonum
595 1270 643 1326 est
663 1262 795 1346 duplex:
814 1261 898 1345 loqui
915 1281 989 1324 vero
1005 1261 1124 1347 lingua,
1142 1264 1289 1348 simplex;

299 1365 382 1429 istud
400 1383 533 1445 namque
547 1369 666 1426 tantumn
682 1369 732 1426 est
746 1361 866 1445 signum
882 1361 1025 1425 credendi
1038 1362 1223 1439 infidelibus,
1238 1368 1293 1429 sed

301 1471 334 1529 et
343 1464 492 1542 fidelihus,
505 1463 625 1546 signum
639 1468 706 1538 est,
719 1467 755 1525 ut
768 1462 846 1524 bene
860 1469 1032 1544 operentur,
1045 1470 1078 1526 et
1088 1463 1146 1528 hoc
1156 1465 1295 1547 praemis-

298 1561 790 1646 salegisauutnritnteeonfirmat.
818 1596 857 1608 -
886 1557 1105 1647 Unusquisque
1119 1563 1296 1649 oestrum]

301 1662 353 1729 Sia
364 1663 538 1748 legendum,
550 1669 583 1726 et
593 1661 833 1726 subaudiendum
846 1667 905 1724 est.
918 1661 1135 1756 Unusquisque
1143 1669 1293 1737 vestrum,

301 1762 378 1827 elius
398 1762 550 1844 psalmum
572 1761 685 1835 habet,
703 1761 781 1823 alius
799 1759 968 1823 doctrinam
984 1781 991 1833 ;
1009 1766 1041 1822 et
1055 1760 1099 1824 sio
1113 1767 1225 1826 autera
1238 1764 1296 1827 ha-

301 1864 354 1926 bet
371 1882 447 1945 ;per
465 1862 597 1946 gratiam
608 1860 707 1925 sanati
721 1859 853 1944 Spiritus
865 1858 929 1921 haeo
941 1858 1043 1921 omnia
1057 1859 1117 1922 illis
1132 1861 1294 1928 dabantur.
1372 1945 1377 1952 Β

183 1989 190 1999 ·
304 1997 344 2012 -
369 1961 442 2024 Siue
458 1961 580 2048 lingua.
593 1960 650 2047 ]Si
664 1960 769 2044 lingua
782 1958 937 2041 incognita
950 1957 1060 2040 aliquis
1080 1958 1213 2042 loquitur
1226 1983 1297 2025 ves-

301 2069 400 2134 trum;
414 2082 475 2124 non
490 2062 634 2145 loquatur
644 2061 675 2123 in
690 2058 876 2123 audientiam
889 2057 1043 2132 omnium,
1057 2059 1112 2121 sed
1127 2059 1210 2142 apud
1220 2062 1299 2126 duos

301 2160 351 2223 vel
362 2167 426 2223 tres
436 2160 590 2242 loquutur,
609 2166 641 2222 et
658 2179 714 2241 per
726 2166 831 2240 partes
846 2181 853 2230 ;
870 2158 902 2220 id
921 2164 987 2234 est,
998 2157 1158 2233 intercise,
1176 2166 1213 2223 ut
1226 2159 1299 2225 laui-

302 2257 361 2322 lius
373 2257 469 2340 possit
479 2255 607 2338 intelligi
622 2306 628 2330 ,
643 2275 711 2318 uum
724 2255 895 2337 exponitur.
922 2290 966 2304 -
989 2254 1027 2317 Si
1038 2268 1141 2318 autem
1152 2256 1300 2344 nonfue-
1381 2308 1384 2315 .

303 2364 347 2418 rit
361 2354 550 2440 interpres]
565 2355 627 2418 Hie
640 2360 745 2436 aperte
760 2354 912 2429 ostendit,
933 2355 1006 2437 quin
1023 2374 1104 2438 saepe
1117 2356 1299 2440 loquebatur

303 2451 413 2535 aliquis
428 2452 584 2534 incognita
599 2451 723 2535 lingua3
742 2472 855 2534 quum,
873 2452 1062 2536 velinque,
1080 2456 1201 2537 prolata
1211 2478 1298 2542 mys·

302 2551 401 2625 teria,
418 2571 475 2614 neo
488 2550 555 2634 ipse
575 2550 775 2636 intelligebat.
800 2587 846 2600 -
868 2551 939 2614 Sibi
948 2565 1052 2615 autem
1064 2552 1221 2640 loquutur.
1235 2554 1247 2641 ]
1262 2559 1299 2621 ld

303 2657 371 2726 est,
385 2649 416 2712 in
438 2649 529 2714 oorde
549 2668 604 2712 suo
627 2649 770 2733 loquatur
788 2649 891 2714 Deum
904 2651 1033 2715 laudens
1050 2652 1098 2716 vel
1118 2654 1296 2737 deprecans.

303 2785 349 2805 ..-
375 2749 470 2834 Quod
484 2756 515 2811 si
536 2748 632 2836 alii]
650 2750 686 2814 Si
702 2751 775 2813 dum
786 2751 847 2814 duo
862 2751 911 2816 vel
926 2759 989 2816 tres
1001 2753 1163 2836 Prophetoe
1173 2752 1300 2837 loquun-

303 2858 364 2925 tur,
382 2849 472 2914 alicui
490 2870 595 2913 eorum
610 2850 663 2933 qui
677 2852 806 2926 sedent,
822 2858 854 2916 et
867 2852 1057 2927 auscultant,
1073 2852 1188 2936 aliquid
1211 2872 1302 2918 reve-

303 2950 400 3017 latum
427 2948 537 3022 fuerit;
563 2950 645 3031 prior
666 2949 822 3034 Propheta
839 2949 891 3033 qui
909 2950 1100 3033 loquebatur,
1122 2958 1243 3026 ment,
1267 2961 1300 3017 et

303 3049 500 3135 permittatur
508 3048 578 3114 huia
586 3047 681 3133 loqui.
707 3049 908 3136 -Spiritus
934 3049 1202 3136 Pruphetarum.]
1223 3051 1299 3116 Plu-

304 3148 408 3215 raliter
422 3147 496 3213 dioit
516 3146 667 3230 Spiritus,
681 3154 807 3231 propter
818 3146 1043 3213 multitudinem
1053 3147 1296 3231 Prophetarum:

303 3266 373 3310 oum
393 3247 528 3312 situnne
548 3247 697 3333 Spiritus,
714 3247 767 3331 qui
782 3249 881 3331 replet
895 3269 967 3324 eos,
985 3247 1038 3331 qui
1054 3250 1208 3334 subjectus
1223 3249 1300 3313 Pro·

302 3346 404 3427 phetis
414 3346 534 3423 dicitu,
549 3348 622 3430 quia
633 3369 686 3412 eos
698 3357 785 3413 extra
795 3349 984 3413 voluntatem
994 3370 1116 3425 eorum,
1131 3369 1187 3412 neo
1202 3348 1296 3432 loqui,

303 3462 360 3508 neo
373 3449 475 3506 tacere
485 3444 652 3526 compellit.
665 3446 709 3508 Et
719 3453 766 3509 est
779 3446 935 3528 responsio
945 3446 1032 3529 quasi
1044 3446 1153 3530 uliquis
1166 3447 1297 3513 dicaret:

303 3540 356 3604 An
370 3539 452 3624 prior
465 3541 624 3624 Propheta
635 3549 739 3626 potest
753 3550 866 3619 tanne,
879 3564 949 3607 oum
962 3543 1040 3616 vult,
1054 3544 1164 3618 idest,
1179 3567 1219 3607 an
1229 3547 1300 3611 sin·

303 3638 367 3724 guli
391 3638 510 3723 posn'nt
531 3641 736 3724 prophetare,
761 3642 897 3705 cumeis
924 3641 1041 3724 aliquid
1065 3640 1228 3704 revelatur.
1253 3680 1299 3699 ...-

303 3735 377 3800 Non
401 3745 484 3800 enim
504 3738 750 3826 dissensionis]
766 3738 971 3803 Dissen'sionis
997 3738 1121 3823 spiritus
1144 3747 1246 3821 esset,
1269 3744 1296 3807 si

304 3857 409 3900 omnes
421 3858 497 3920 quos
512 3840 657 3923 repleret,
676 3840 759 3923 loqui
770 3838 859 3904 simul
874 3839 1078 3923 compelleret.
1105 3874 1147 3887 -
1169 3839 1238 3901 Len
1248 3840 1297 3902 di-

304 3934 381 4021 cii]
397 3935 431 4000 ln
446 3937 563 4002 Genesi
573 3939 647 4003 dicit
659 3939 744 4004 Deus
753 3939 793 4002 ad
804 3937 977 4002 mulierem:
990 3937 1054 4001 Sub
1064 3946 1132 4001 uiri
1135 3951 1296 4024 potestate
1359 3932 1362 3936 ¹

304 4042 367 4098 eris
383 4086 390 4112 ‚
405 4043 515 4123 eripio
529 4038 742 4102 dominabitur
755 4038 825 4101 tibi.
850 4075 895 4089 -
917 4040 971 4101 An
987 4063 1008 4101 a
1021 4039 1115 4102 nobis
1126 4038 1293 4124 uerbum]

303 4133 366 4200 Hio
381 4136 471 4200 dutur
483 4135 611 4220 intelligi
622 4137 778 4221 quaednm,
794 4158 863 4221 quae
877 4139 1015 4221 superius
1026 4138 1180 4223 redargunt
1193 4139 1296 4202 Corin-

304 4232 384 4299 thios
395 4233 513 4313 fecisse,
526 4242 620 4319 utque
631 4237 699 4301 ideo
710 4237 904 4318 reprehendit
914 4260 966 4302 eos
978 4239 1080 4302 dicens
1091 4290 1098 4313 ,
1111 4260 1171 4302 nun
1181 4239 1291 4301 debere
