3184 5442
551 681 757 725 nuucrnannm
781 685 850 726 sna
874 684 1034 727 nmnoous.
1226 666 1287 730 281

294 830 344 892 tur
355 872 361 896 ,
373 820 606 904 ‘parvipendunt
618 843 626 895 ;
640 821 713 885 dum
732 823 1049 895 excommunicantur.
1062 845 1124 887 non
1139 832 1187 888 est
1201 824 1292 888 timor

293 921 354 987 Dei
366 921 398 984 in
413 921 470 1001 eis,
483 921 540 984 sed
554 921 704 997 derident,
719 931 751 987 et
766 924 871 988 dicunt
886 949 892 986 ε
910 955 924 977 κ
942 925 1013 990 Hoc
1028 926 1191 989 anathema
1202 946 1292 1009 super

295 1044 367 1098 nos,
386 1032 418 1084 et
440 1042 531 1104 super
550 1021 628 1084 filios
647 1031 779 1087 nostros.
805 1056 817 1078 n
839 1026 929 1089 Unde
942 1034 1030 1108 patet
1045 1026 1128 1109 quod
1142 1034 1293 1108 quotquot

295 1122 368 1187 caeci
379 1143 475 1186 caecos
488 1121 564 1185 istos
576 1123 670 1186 duces
680 1124 712 1186 in
723 1123 845 1188 foveam
856 1134 1036 1208 sequuntur,
1049 1126 1111 1189 imo
1123 1127 1292 1190 communi-

294 1223 393 1288 cando
405 1221 451 1286 eis
464 1221 666 1298 comitantur,
689 1244 759 1288 oum
773 1224 882 1288 iisdem
897 1225 991 1289 etiam
1007 1226 1039 1289 in
1055 1226 1154 1310 poenis
1165 1226 1292 1310 partici-

295 1331 416 1407 pantur.

339 1425 382 1488 Ι).
408 1423 491 1502 Quid
513 1422 540 1485 si
562 1422 650 1486 inscii
672 1423 717 1486 eis
736 1424 1041 1507 communicaverint}
1063 1462 1104 1474 -
1126 1427 1174 1491 M.
1198 1457 1211 1480 u
1231 1427 1293 1505 Qui

295 1523 396 1609 tangit
408 1523 519 1607 picem,
535 1521 743 1606 inquinabitur
756 1524 795 1586 ab
810 1544 858 1587 ea.
876 1553 889 1578 ι
905 1526 948 1587 Et
959 1525 1028 1587 ideo
1038 1525 1091 1608 qui
1100 1525 1145 1588 eis
1156 1547 1292 1590 commu·

295 1625 410 1699 nicant,
425 1622 568 1706 quamvis
579 1622 677 1697 inscii,
693 1629 796 1686 tamen
811 1624 852 1686 ad
867 1623 912 1686 eis
923 1625 1178 1690 contaminantur.

341 1729 383 1795 D.
409 1728 491 1807 Quid
506 1727 534 1791 si
545 1726 748 1810 resipuerint?
763 1729 864 1792 -Μ,
878 1729 950 1792 Non
964 1729 1009 1793 eis
1023 1751 1107 1795 error
1119 1752 1223 1795 eorum
1235 1753 1292 1794 no·

296 1829 389 1895 cebit.

342 2129 397 2193 30.
423 2128 530 2192 Malos
548 2128 729 2191 sacerdotes
745 2151 824 2190 vere
844 2126 965 2191 Christi
983 2151 1098 2214 corpus
1118 2130 1291 2216 conficere,

298 2236 441 2316 quamvis
453 2252 560 2292 eorum
572 2235 688 2307 oratio,
703 2242 734 2291 et
748 2226 923 2291 benedictio
923 2228 994 2315 fiat
1009 2236 1043 2291 in
1055 2243 1232 2316 peecatum.

342 2330 385 2417 D.
411 2330 583 2394 Conficiunt
604 2350 713 2413 corpus
738 2329 878 2393 Domini>
892 2330 986 2394 talesi
1012 2366 1056 2378 —
1076 2331 1124 2394 Μ.
1147 2331 1297 2409 Quamvis

298 2431 522 2494 damnatissimi
536 2431 609 2505 sint,
629 2440 732 2495 tamen
746 2452 801 2515 per
816 2433 922 2506 verba,
940 2452 1007 2515 quae
1020 2431 1162 2506 recitant,
1181 2433 1215 2496 fit
1229 2453 1295 2496 cor·

299 2551 358 2613 pus
367 2531 508 2604 Domini;
525 2552 585 2593 non
600 2530 682 2593 enim
697 2530 772 2614 ipsi,
785 2531 840 2594 sed
854 2531 994 2595 Christus
1008 2539 1183 2606 consecrat,
1197 2540 1230 2596 et
1242 2554 1297 2616 per

298 2629 413 2694 amicos
425 2638 457 2694 et
467 2629 605 2694 inimicos
620 2630 749 2693 salutem
763 2630 832 2693 filiis
843 2639 987 2714 operatur
1001 2652 1010 2694 t
1023 2630 1068 2693 illi
1079 2632 1121 2694 ad
1131 2632 1296 2714 perniciem

300 2737 436 2806 sumunt,
448 2729 500 2794 alii
513 2731 554 2794 ad
568 2729 699 2793 salutem
713 2730 876 2813 accipiunt.
898 2731 990 2794 Unde
1006 2738 1038 2793 et
1051 2751 1072 2792 a
1083 2731 1224 2813 pessimis
1237 2752 1298 2794 non

300 2829 466 2914 pejoratur,
482 2836 514 2894 et
528 2831 567 2893 ab
583 2828 708 2912 optimis
719 2849 780 2891 non
795 2827 973 2892 melioratur
986 2851 993 2891 ε
1004 2827 1093 2891 Sicut
1108 2829 1182 2893 solis
1195 2830 1299 2893 radius

300 2948 320 2991 a
337 2948 423 2993 coeno
440 2930 550 2995 cloacae
569 2950 630 2992 non
649 2929 839 3000 sordidatur,
853 2950 945 2993 neca
964 2928 1137 2992 sanctuario
1157 2931 1295 3013 splendi-

300 3028 418 3095 ficetur.

348 3136 391 3199 D.
417 3131 497 3197 Cum
512 3153 585 3217 ergo
599 3134 713 3195 bonum
724 3129 765 3193 sit
779 3131 861 3213 quod
875 3150 930 3213 per
949 3151 1002 3193 eos
1021 3130 1186 3203 conficitur,
1204 3137 1236 3194 et
1248 3151 1300 3194 ac-

301 3233 482 3319 cipientibus
494 3253 554 3308 non
568 3233 606 3294 ab
615 3231 672 3308 eis,
691 3231 746 3293 sed
761 3251 780 3292 a
795 3229 918 3293 Christo
930 3230 1019 3293 detur
1033 3251 1042 3292 ι
1056 3249 1110 3294 cur
1124 3231 1237 3293 bonum
1248 3251 1300 3294 ac-

280 3378 282 3382 ,
300 3335 424 3419 cipianti
438 3333 469 3396 in
484 3332 649 3417 perniciem
662 3330 809 3395 vectitari
822 3367 862 3379 -
873 3331 920 3394 M.
939 3332 1060 3394 Bonum
1069 3327 1230 3413 accipienti
1241 3350 1301 3392 non

299 3433 400 3498 solum
410 3454 471 3496 non
486 3433 615 3517 prodest
629 3484 635 3506 ,
649 3431 712 3494 imo
727 3431 821 3494 etiam
834 3433 939 3506 obest;
954 3433 1097 3496 sicontra
1109 3429 1302 3495 interdictum

303 3532 360 3597 hoc
374 3534 462 3597 abeo
473 3533 606 3616 accipit,
621 3555 640 3596 a
655 3554 715 3616 quo
732 3553 793 3595 non
808 3534 911 3597 debet.

345 3632 388 3697 D.
402 3634 514 3697 Proba.
536 3670 575 3682 —
588 3635 635 3697 M.
649 3634 685 3694 In
700 3633 842 3716 paradiso
863 3634 977 3697 nulium
997 3654 1122 3718 pomum
1144 3638 1212 3696 erat
1231 3651 1300 3693 ma-

304 3734 386 3806 ium,
400 3754 470 3798 cum
481 3734 567 3797 Deus
580 3732 686 3798 fecerit
700 3733 804 3796 omnia
818 3734 908 3797 valde
928 3735 1033 3798 bona:
1056 3735 1112 3798 sed
1134 3733 1226 3796 homo
1247 3733 1303 3793 bo-

303 3853 376 3895 num
390 3832 420 3896 in
437 3833 550 3896 maium
568 3833 625 3896 sibi
642 3833 753 3908 vertit,
771 3855 842 3898 oum
856 3835 913 3898 hoc
930 3856 950 3898 a
964 3843 1105 3919 serpente
1117 3834 1178 3896 imo
1200 3830 1304 3895 adia-

304 3933 374 3996 bolo
388 3933 547 4016 percipere
561 3954 623 3996 non
638 3933 762 4017 sprevit.
1231 3958 1235 3965 ·

348 4033 391 4096 D.
411 4032 445 4097 Si
456 4033 525 4116 quis
541 4034 658 4118 positus
676 4033 771 4097 estin
787 4034 895 4097 mortis
915 4034 1156 4116 periculo,nun1
1176 4031 1307 4094 mundus

305 4138 372 4206 est,
401 4134 440 4195 ab
465 4134 520 4198 hoc
544 4134 673 4198 viaticot
694 4171 733 4183 -
753 4135 799 4198 M.
823 4134 945 4217 Siquis
968 4135 1033 4198 zelo
1049 4131 1176 4221 justitiae
1198 4131 1237 4193 ab
1259 4127 1305 4190 eis

307 4226 547 4298 communionem
571 4235 704 4318 recipere
729 4234 876 4306 renuerit,
898 4243 929 4297 et
947 4256 980 4297 se
996 4256 1050 4317 per
1065 4256 1100 4297 os
1113 4231 1306 4294 sacerdotum
