3184 5442
470 1385 600 1448 subulo
622 1386 709 1448 SIVE
731 1387 974 1451 SENTENTlAE.

271 1629 349 1691 Octo
364 1635 434 1691 sunt
448 1648 515 1710 quae
529 1629 554 1691 si
566 1628 758 1712 diligenter-a
772 1628 920 1713 religiosis
934 1632 1147 1703 observantur;
1166 1650 1221 1712 per

227 1728 333 1791 lrorum
350 1728 572 1791 observantiam
590 1750 649 1790 non
665 1751 731 1792 esse
746 1750 855 1813 segnes
870 1729 916 1792 sui
933 1715 1046 1792 ordinis
1060 1731 1217 1802 custodes

226 1830 264 1890 ab
278 1828 325 1892 his
340 1829 392 1912 qui
407 1850 513 1892 sanum
526 1829 648 1911 sapiunt
661 1829 749 1893 facile
761 1829 987 1915 judicabuntur.
1007 1831 1145 1894 Primum
1159 1839 1216 1902 est,

225 1936 260 1991 ut
278 1930 442 1993 claustrum
459 1951 547 1992 suum
567 1937 703 2001 teneant,
723 1951 822 2012 neque
840 1930 878 1991 de
895 1929 946 1992 illo
964 1931 1025 1992 ullo
1050 1931 1140 1992 inodo
1155 1930 1221 1994 sine

226 2029 347 2093 lieentia
356 2039 478 2104 exeant,
494 2051 593 2112 neque
604 2030 697 2093 etiam
710 2038 792 2103 tunc,
806 2030 863 2092 nisi
875 2031 1086 2093 rationabilem
1096 2051 1220 2094 causam

227 2130 367 2192 babeant.
379 2130 554 2193 Secundum
562 2139 620 2204 est,
631 2139 667 2193 ut
673 2130 825 2193 silentium
836 2152 924 2193 suum
936 2131 1072 2194 districte
1086 2139 1219 2203 teneant,

225 2250 280 2292 nec
295 2230 368 2292 illud
383 2251 438 2312 pro
455 2230 517 2293 ulla
536 2230 658 2292 omnino
678 2251 725 2304 re,
750 2230 809 2292 nisi
830 2230 1016 2294 rationabilis
1035 2230 1169 2303 occasio,
1191 2243 1223 2292 et

224 2325 407 2389 inevitabilis
419 2326 552 2399 eveniat,
571 2326 661 2390 sacile
676 2336 830 2409 rumpant.
848 2328 986 2390 Tertium
1002 2334 1050 2390 est
1061 2335 1095 2389 ut
1109 2327 1222 2389 nullam

225 2426 442 2509 proprietatem
457 2427 603 2502 habeant,
619 2448 675 2490 nec
688 2427 781 2490 etiam
793 2447 848 2510 per
859 2427 1013 2490 licentiam
1030 2428 1096 2510 plus
1111 2427 1223 2489 habere

225 2546 316 2608 quarn
329 2526 495 2590 necessitas
507 2527 660 2610 postulat,
676 2536 833 2611 expetant.
850 2528 1001 2606 Quartum
1014 2537 1079 2601 est,
1095 2536 1129 2590 ut
1142 2529 1224 2592 Prae-

225 2625 294 2689 latis
305 2626 369 2689 suis
383 2627 414 2688 in
427 2626 566 2690 omnibus
578 2628 730 2702 obediant,
744 2628 804 2716 nisi
814 2627 891 2690 forre
902 2628 998 2712 (quod
1010 2628 1101 2711 absit)
1117 2628 1154 2689 iis
1164 2627 1222 2689 ali-

225 2725 299 2807 quid
319 2732 424 2790 oontra
441 2727 629 2791 voluntatem
649 2728 707 2790 Dei
729 2728 921 2810 praecipiant.
944 2736 1017 2791 tnnc
1035 2730 1116 2791 enim
1138 2728 1221 2790 nullo

225 2827 314 2889 modo
331 2827 375 2891 eis
386 2827 416 2889 in
430 2828 487 2892 hac
500 2849 532 2891 re
543 2828 743 2892 obediendum
760 2837 822 2902 est;
839 2828 911 2911 quia
922 2829 1000 2891 sicut
1014 2830 1122 2891 beatus
1139 2829 1221 2890 Gre-

224 2926 325 3010 gorius
332 2928 387 3002 ait,
399 2929 511 2991 malum
519 2938 644 3012 propter
652 2928 854 2991 obedientiam
866 2947 1019 3010 nunquam
1030 2927 1094 2990 lieri
1106 2926 1200 2989 debet
1212 2950 1218 2988 :

223 3029 336 3090 bonum
359 3049 431 3091 vero
448 3028 611 3112 aliquando
630 3029 790 3092 intermitti
811 3037 924 3112 potest.
943 3028 1090 3107 Quintum
1110 3035 1168 3113 est,
1188 3035 1223 3088 ut

224 3148 279 3208 pro
296 3128 380 3212 nulla
399 3149 502 3200 causa,
523 3129 616 3192 etiam
635 3130 661 3192 si
678 3130 722 3191 eis
735 3132 821 3215 justa
842 3129 992 3200 videatur,
1015 3147 1219 3198 murmurare,

224 3227 273 3289 vel
290 3228 508 3291 detractionem
526 3228 626 3292 facere
643 3230 780 3302 audiant,
800 3251 839 3292 ne
855 3230 1078 3301 omnebonum,
1098 3226 1124 3288 si
1141 3226 1223 3308 quod

224 3325 322 3390 facere
336 3327 488 3401 videntur,
504 3349 558 3412 per
572 3330 649 3392 hanc
663 3328 831 3412 nequitiam
849 3328 988 3410 perdant.
1010 3328 1139 3390 Sextum
1154 3333 1219 3399 est,

224 3437 258 3489 ut
275 3427 404 3490 invicem
422 3428 589 3491 secundum
609 3429 709 3491 Deum
730 3449 763 3490 se
780 3427 926 3509 diligant,
952 3436 983 3490 et
1001 3447 1090 3489 omne
1109 3427 1222 3488 bonum

224 3527 305 3609 quod
317 3526 424 3611 singuli
441 3528 498 3591 sibi
510 3530 548 3591 ab
563 3528 630 3591 aliis
640 3528 774 3610 impendi
790 3528 974 3602 desiderant,
990 3526 1049 3608 ipsi
1063 3525 1130 3588 aliis
1144 3525 1223 3588 hila-

224 3612 296 3689 riter
311 3636 342 3690 et
356 3647 425 3690 cum
438 3628 548 3711 gaudio
559 3628 748 3710 impendant.
763 3625 937 3710 Septimum
952 3636 1009 3699 est,
1027 3633 1062 3687 ut
1074 3624 1222 3688 constitn-

223 3732 287 3788 tum
306 3726 464 3789 servitium
484 3728 648 3791 secundum
667 3747 782 3788 morem
804 3725 938 3789 ecclesiae
956 3745 1030 3798 suae,
1057 3725 1082 3787 si
1103 3723 1224 3806 possint
1260 3760 1264 3769 ·

223 3827 359 3897 reddere,
371 3849 430 3890 non
441 3828 613 3913 negligant;
627 3827 697 3891 etin
708 3828 765 3891 hoc
775 3826 893 3910 agendo
903 3826 1011 3888 intenti
1022 3834 1054 3889 et
1066 3846 1127 3888 non
1136 3824 1220 3910 vagi,

223 3926 378 3999 assistant,
399 3949 436 3990 ne
448 3930 590 4012 vagando
601 3929 703 3992 oculos
717 3927 827 3990 divinae
845 3926 1027 4012 majestatis
1048 3935 1121 3988 ante
1139 3927 1225 4010 cujus

223 4035 417 4110 conspectum
434 4028 575 4091 videntur
589 4029 742 4102 assistere,
760 4027 924 4090 offendant.
945 4028 1098 4090 Octavum
1114 4037 1175 4098 est,
1189 4034 1224 4086 ut

223 4147 328 4208 puram
338 4126 554 4191 confessionem
563 4128 600 4189 de
611 4129 749 4191 omnibus
759 4127 892 4211 peccatis
902 4126 965 4188 suis
977 4123 1091 4189 faciant
1107 4146 1112 4183 :
1131 4144 1223 4205 quan·

222 4234 325 4289 tamen
342 4225 559 4290 confessionem
572 4248 631 4287 non
646 4228 759 4308 passim
775 4226 913 4289 omnibus
926 4234 1015 4308 prout
1026 4223 1073 4285 cni
1087 4222 1219 4295 libuerit,

224 4325 278 4387 nisi
300 4327 510 4389 tantummodo
527 4325 589 4388 suis
606 4326 759 4400 Praelatis,
785 4326 831 4388 vel
855 4324 963 4407 quibus
984 4323 1073 4385 iidonr
1096 4321 1220 4384 Praelati
