3184 5442
292 682 357 742 308
678 705 708 745 n.
737 704 909 745 mnrnnncr

294 849 326 902 rt
338 840 487 923 significat
506 841 580 922 quid
592 843 646 905 fiat
661 843 691 903 in
711 843 822 905 anima.
845 875 856 895 n
876 841 1014 904 Visibilia
1029 862 1162 924 namque
1185 862 1288 904 sacra-

294 948 398 1002 menta
407 948 438 1002 et
450 949 624 1022 operantur,
636 949 668 1003 et
682 941 853 1026 significant
862 941 1031 1003 invisibilia.
1045 942 1080 1002 In
1089 940 1146 1003 hoc
1158 960 1287 1022 cognos

295 1038 390 1101 cimus
416 1039 544 1121 quiade
565 1039 691 1103 occultis
705 1041 788 1103 omni
806 1039 1009 1104 ecclesiastico
1029 1039 1125 1101 ordini
1146 1040 1286 1102 confiteri

293 1138 458 1210 debemus;
476 1139 515 1200 de
526 1139 640 1221 apertis
655 1162 728 1203 vero
746 1141 819 1204 solis
839 1140 979 1203 convenit
993 1132 1211 1210 sacerdotibus,
1228 1159 1286 1220 per

294 1256 372 1318 quos
382 1237 530 1310 Ecclesia,
549 1259 617 1321 quae
630 1239 748 1323 publice
759 1240 856 1316 novit,
874 1247 906 1301 et
916 1238 1017 1310 solvit,
1034 1244 1065 1300 et
1077 1237 1165 1320 ligat.

338 1336 392 1399 Sin
405 1356 460 1399 neo
472 1337 502 1399 in
514 1337 668 1402 ordinibus
686 1339 898 1403 ecclesiasticis
908 1339 956 1403 cui
968 1337 1138 1401 corrfitearis
1151 1337 1283 1408 invenis,

294 1435 340 1498 vir
350 1437 480 1499 mundus
493 1437 674 1520 ubicumque
689 1437 740 1516 sit,
759 1437 939 1520 requiratur,
956 1435 1034 1499 sicut
1048 1435 1080 1496 in
1090 1434 1199 1497 Veteri
1208 1437 1286 1498 Tes-

295 1542 432 1598 tamento
451 1535 648 1619 praecipitur:
673 1568 685 1588 u
704 1537 770 1599 Ista
783 1536 834 1598 lex
861 1543 909 1598 est
927 1533 1058 1598 hominis
1080 1532 1133 1615 qui
1156 1534 1287 1598 moritur

295 1635 326 1696 in
341 1635 544 1698 tabernaculo.
564 1635 680 1699 Omnes
704 1636 756 1719 qui
776 1635 986 1718 ingrediuntur
1006 1633 1169 1697 tentorium
1191 1633 1284 1708 illius,
1397 1696 1399 1698 ,

296 1743 328 1798 et
342 1733 484 1799 universa
498 1755 584 1810 vasa,
602 1754 670 1816 quae
684 1734 725 1796 ibi
744 1741 833 1807 sunt,
859 1733 976 1816 polluta
989 1739 1078 1795 erunt
1090 1738 1209 1815 septem
1223 1733 1288 1796 die-

297 1834 362 1895 bus.
379 1833 446 1896 Vas
457 1833 539 1916 quod
555 1827 615 1894 non
630 1832 767 1894 habuerit
779 1832 965 1914 operculum,
988 1851 1044 1894 nec
1060 1829 1224 1914 ligaturam
1235 1832 1289 1894 de

297 1951 399 2014 super,
428 1932 615 1995 immundum
637 1931 705 1993 erit.
723 1930 758 1994 Si
773 1930 841 2013 quis
858 1929 889 1991 in
910 1951 984 2012 agro
999 1928 1135 2013 tetigerit
1154 1931 1288 1993 cadaver

297 2026 387 2093 occisi
397 2031 538 2103 hominis,
566 2038 618 2093 aut
632 2050 686 2112 per
701 2050 734 2093 se
744 2028 866 2105 mortui,
881 2028 947 2090 sive
959 2049 994 2090 os
1008 2027 1098 2101 llus,
1121 2028 1170 2090 vel
1185 2030 1287 2110 sepul-

296 2149 401 2203 crum,
424 2129 596 2192 immundus
618 2129 804 2210 eritseptem
816 2126 933 2200 diebus,
955 2126 1063 2189 tollent
1078 2126 1116 2186 de
1136 2125 1287 2188 cineribus

297 2229 512 2292 combustionis
530 2239 622 2310 atque
639 2227 767 2310 peccati,
789 2235 821 2288 et
836 2225 959 2289 mittent
973 2245 1069 2307 aquas
1089 2222 1177 2286 vivas
1195 2243 1288 2306 super

299 2348 351 2389 eos
361 2326 391 2389 in
400 2349 466 2396 vas.
481 2328 512 2389 in
523 2329 631 2410 quibus
640 2327 813 2415 cumhomo
826 2324 957 2388 mundus
968 2323 1093 2387 tinxerit
1103 2324 1284 2408 hyssopum,

297 2436 439 2509 asperget
456 2447 494 2488 ex
515 2447 551 2489 eo
565 2446 654 2488 omne
668 2426 852 2496 tentorium,
870 2430 901 2487 et
912 2429 1053 2487 cunctam
1068 2422 1288 2504 supellectilem

296 2526 371 2608 ejus,
394 2532 425 2585 et
440 2523 577 2584 homines
596 2523 804 2606 hujuscemodi
823 2517 1002 2605 contagione
1022 2521 1175 2605 pollutos;
1194 2529 1289 2603 atque

297 2622 353 2684 hoc
371 2620 460 2683 modo
477 2621 606 2684 mundus
623 2620 765 2684 lustrabit
781 2620 972 2684 immundum
984 2620 1086 2690 tertio,
1109 2628 1143 2685 et
1156 2621 1289 2703 septimo

297 2720 356 2782 die.
380 2719 546 2803 »Longum
561 2729 609 2783 est
627 2741 680 2803 per
697 2719 817 2804 singula
831 2719 1043 2802 allegoriarum
1063 2719 1212 2803 mysteria
1223 2739 1290 2782 cur-

298 2840 373 2882 rere.
388 2820 451 2884 Sed
463 2819 622 2904 diligenter
635 2820 812 2882 intuendum
827 2817 899 2900 quid
919 2826 978 2892 est,
1001 2817 1083 2900 quod
1106 2817 1171 2881 sine
1191 2818 1290 2881 deter-

298 2919 462 2983 minatione
481 2921 659 3005 cujusquam
683 2918 796 2981 ordinis
817 2917 908 2979 homo
930 2917 1061 2980 mundus
1082 2917 1212 2980 lustrare
1233 2917 1290 2979 im-

298 3020 445 3082 mundum
457 3019 575 3092 dicitur,
596 3026 627 3082 et
641 3019 791 3102 quosdam
805 3025 980 3080 sanctorum
998 3015 1127 3078 Patrum
1145 3016 1286 3099 legimus,

298 3118 350 3201 qui
362 3118 479 3181 arrimas
488 3127 642 3190 rexerunt,
663 3126 696 3180 et
710 3125 813 3180 tamen
828 3135 934 3178 eorum
945 3113 1068 3177 ordines
1078 3114 1242 3183 nescimus,

279 3278 282 3283 .
343 3217 434 3295 Quod
456 3218 481 3280 si
503 3238 591 3280 nemo
609 3218 657 3282 cui
678 3216 849 3281 confitearis
873 3213 1037 3288 invenitur,
1062 3233 1102 3276 ne
1121 3214 1287 3296 desperes,

250 3357 255 3365 ·
299 3314 370 3395 quia
381 3315 413 3377 in
428 3315 484 3377 hoc
497 3314 625 3378 Petrum
640 3314 822 3378 conveniunt
834 3311 1005 3386 sententiae,
1027 3319 1063 3374 ut
1073 3312 1206 3376 Domino
1221 3333 1292 3375 con-

299 3413 422 3477 fitearis.
446 3413 536 3475 Unde
552 3413 591 3477 B.
605 3414 740 3476 Joannes
753 3411 1002 3495 Chrysostomus,
1028 3431 1119 3493 super
1138 3410 1183 3475 50
1210 3410 1291 3491 psal-

300 3532 384 3575 mum
403 3535 409 3572 z
438 3540 449 3561 u
467 3511 502 3574 Si
518 3511 707 3576 confimderis
722 3511 815 3575 alicui
829 3509 929 3572 dicere
945 3529 1013 3592 quae
1029 3511 1173 3591 peccasti,
1193 3509 1242 3572 dic
1254 3530 1291 3572 ea

303 3610 437 3693 quotidie
459 3611 491 3671 in
511 3610 612 3673 anima
629 3620 683 3674 tua
698 3635 703 3672 :
717 3611 789 3675 Non
812 3609 879 3672 dico
902 3618 937 3671 ut
957 3609 1129 3673 confitearis
1143 3628 1290 3672 conservo

302 3723 367 3782 tuo,
384 3716 420 3771 ut
431 3709 487 3772 tibi
503 3712 686 3793 exprobret,
711 3710 763 3774 sed
779 3707 1022 3781 confitereDeo,
1042 3706 1145 3789 quiea
1159 3716 1254 3771 curet.
1274 3738 1286 3756 ›·

301 3809 380 3870 ltem
391 3808 473 3869 idem
487 3828 577 3890 super
587 3809 757 3890 Epistolam
774 3809 814 3871 ad
828 3808 978 3871 Hebraeos
993 3831 998 3868 :
1025 3838 1037 3858 u
1056 3807 1127 3870 Non
1142 3807 1208 3870 dico
1220 3807 1288 3878 tibi,

299 3915 335 3971 ut
345 3914 377 3970 te
392 3906 502 3987 prodas
516 3907 548 3970 in
564 3907 725 3989 publicum,
743 3917 890 3990 nequent
904 3917 935 3971 te
956 3909 1038 3991 apud
1053 3908 1129 3971 alios
1147 3928 1288 3978 accuses;

301 4007 356 4071 sed
367 4003 488 4068 obedire
497 4013 529 4068 te
538 4007 607 4069 volo
617 4006 779 4089 Propheta
790 4006 903 4077 dicenti
917 4031 923 4069 :
938 4007 1056 4072 Revela
1067 4006 1293 4071 Dominoiviam

286 4092 289 4097 ¹
302 4117 403 4178 tuam,
425 4135 438 4158 o
458 4110 490 4166 et
504 4110 575 4168 tunc
586 4105 708 4168 demum
720 4125 810 4188 spera
821 4104 1058 4170 misericordiam
1071 4114 1102 4170 te
1116 4126 1206 4189 posse
1218 4126 1292 4168 con-

217 4229 219 4235 ’
301 4206 399 4289 sequi.
417 4207 459 4308 Et
477 4203 508 4266 in
524 4211 641 4287 septem
656 4202 868 4268 collationibus
882 4204 998 4267 ultimis
1016 4206 1150 4269 Joannes
1165 4204 1291 4270 Cassia-
