3184 5442
364 744 427 806 154
747 763 776 802 u.
804 761 977 804 rauranum

407 907 440 968 4.
466 905 610 968 Bariana.
630 931 642 954 u
660 904 739 966 Erat
754 908 857 964 autern
873 901 1060 984 Burgimdus
1067 901 1098 963 in
1112 881 1264 966 sententia
1278 954 1285 978 ,
1301 904 1365 968 imo

363 1005 506 1068 vecordia
515 1003 599 1088 vulgi
617 1054 622 1076 ,
636 1001 795 1067 Paschasii
808 1010 900 1084 atque
914 1000 1097 1078 Lanlranci,
1116 1002 1242 1065 minime
1256 1025 1366 1088 super-

365 1125 432 1167 esse
447 1105 477 1168 in
491 1104 580 1167 altari
594 1110 665 1187 post
679 1102 937 1167 consecrationem
950 1103 1154 1166 substantiam
1168 1103 1256 1187 panis
1270 1111 1365 1188 atque

364 1204 439 1267 vini.
463 1236 475 1258 n
1406 1204 1409 1208 ’

409 1305 529 1368 Laura
544 1305 696 1386 Tempore
706 1302 803 1366 sancti
819 1303 932 1366 Leonis
947 1304 1051 1386 Papae,
1066 1304 1166 1368 delata
1182 1313 1229 1369 cst
1242 1305 1367 1369 haeresis

366 1412 420 1468 tua
441 1407 480 1468 ad
504 1404 703 1488 apostolicam
732 1403 835 1465 sedem
868 1404 1019 1482 Quicum
1042 1405 1160 1489 synodo
1174 1405 1364 1488 praesideret,

367 1527 403 1569 ac
428 1506 575 1569 resideret
604 1525 706 1570 secum
733 1524 793 1564 non
818 1525 917 1586 parva
940 1505 1101 1568 multitudo
1121 1505 1363 1589 Episcoporum,

369 1607 544 1681 Abbatum,
560 1603 731 1687 diversique
750 1603 864 1667 ordinis
880 1626 899 1667 a
914 1604 1042 1668 diversis
1055 1605 1230 1688 regionibus
1244 1605 1366 1690 religio-

369 1726 471 1769 sarum
484 1725 681 1788 personarum
697 1756 704 1778 ,
718 1704 836 1789 jussum
864 1703 954 1766 estin
969 1703 1105 1767 omnium
1121 1705 1276 1768 audientia
1288 1705 1368 1768 reci·
1442 1746 1448 1753 -

369 1804 438 1880 tari,
450 1826 527 1888 quas
536 1805 610 1868 mihi
619 1805 657 1868 de
667 1824 792 1886 corpore
807 1809 839 1866 et
854 1803 1000 1886 sanguine
1008 1802 1132 1866 Domini
1143 1803 1262 1867 litteras
1269 1813 1369 1868 trans-

273 1920 276 1927 '
336 1950 339 1959 .
370 1905 491 1970 misisti.
500 1906 637 1970 Portitor
651 1904 763 1988 quippe
775 1924 880 1967 earum
891 1905 1011 1987 legatus
1022 1911 1093 1967 tuus
1107 1904 1201 1966 mein
1215 1905 1369 1969 Norman·

370 2006 422 2069 nia
430 2028 490 2070 non
502 2013 640 2091 reperto,
656 2004 782 2068 tradidit
798 2026 851 2068 eas
866 2003 1046 2088 quibusdam
1062 2003 1192 2078 clericis,
1208 2026 1284 2088 quas
1299 2028 1368 2070 cum

371 2107 536 2190 legissent,
550 2115 582 2170 et
593 2114 699 2170 contra
715 2104 948 2167 usitatissimam
956 2105 1104 2169 Ecclesia
1118 2106 1208 2168 fidem
1226 2106 1369 2170 animad-

374 2210 557 2281 vertissent,
577 2208 640 2271 zelo
659 2206 718 2270 Dei
744 2208 863 2270 accensi
879 2207 1061 2290 quibusdam
1077 2207 1117 2269 ad
1135 2207 1298 2292 legendum
1316 2228 1369 2270 eas

371 2315 581 2389 porrexerunt,
593 2305 731 2390 plurimis
744 2327 848 2369 earum
860 2307 1026 2370 sententias
1039 2307 1140 2370 verbis
1150 2316 1367 2390 exposuerunt·

373 2409 482 2490 Itaque
493 2408 608 2471 factum
622 2415 687 2482 est,
702 2415 811 2470 utnon
826 2408 958 2470 deterior
972 2409 1010 2471 de
1019 2416 1050 2471 te
1060 2429 1152 2491 quam
1164 2409 1203 2471 de
1217 2429 1267 2471 me
1278 2407 1371 2473 firerit

374 2517 440 2571 orta
453 2508 602 2590 suspicio,
621 2508 661 2570 ad
676 2528 768 2590 quem
783 2507 925 2571 videlicet
940 2509 1018 2572 tales
1026 2509 1144 2573 litteras
1155 2508 1367 2582 destinaveris,

374 2605 551 2687 putantibus
560 2604 666 2668 multis
677 2626 726 2667 me
736 2603 854 2679 fovere,
868 2627 904 2668 ac
916 2604 1018 2669 favere
1030 2627 1098 2689 quae
1112 2626 1132 2669 a
1145 2613 1177 2668 te
1185 2606 1368 2679 dicerentur,

373 2705 423 2769 vel
443 2705 543 2790 gratia
561 2727 622 2790 qua
643 2715 674 2768 te
692 2705 867 2790 diligerem,
887 2707 934 2768 vel
959 2706 1018 2768 fide
1039 2727 1100 2789 qua
1116 2725 1223 2770 revera
1242 2705 1289 2767 ita
1303 2727 1372 2768 esse

374 2827 434 2868 non
460 2807 634 2870 dubitanter
653 2814 800 2869 tenerem.
825 2807 923 2891 Igitur
944 2828 1013 2870 cum
1031 2829 1050 2870 a
1073 2807 1204 2890 quodam
1224 2806 1372 2869 Remensi

374 2907 482 2970 clerico
497 2908 629 2971 Romam
648 2907 782 2992 perlatas
802 2906 946 2971 recitator
966 2908 1098 2992 legeret,
1117 2907 1270 2970 intellecto
1288 2907 1373 2990 quod

374 3009 526 3071 loannem
541 3011 668 3074 Scotum
683 3008 863 3083 extolleres,
878 3008 1076 3072 Paschasium
1092 3009 1274 3082 damnares,
1291 2996 1373 3070 oom-

374 3109 457 3171 muni
469 3110 507 3171 de
520 3110 716 3174 -Eueharistia
728 3109 798 3172 fidei
814 3110 944 3171 adversa
955 3108 1084 3171 sentires
1096 3159 1103 3181 ,
1117 3107 1312 3192 promulgata
1325 3115 1373 3171 est

375 3209 449 3272 inte
461 3210 667 3273 damnationis
686 3209 837 3273 sententia
850 3208 974 3292 privans
989 3215 1021 3270 te
1035 3206 1246 3271 communione
1260 3216 1373 3271 sanctae

375 3309 539 3382 Ecclesiae,
555 3332 647 3392 quam
660 3318 694 3373 tu
705 3310 826 3393 privare
837 3318 943 3373 sancta
954 3310 1019 3395 ejus
1028 3308 1238 3372 communione
1250 3316 1374 3392 satage-

374 3409 441 3470 bas.
468 3409 545 3470 Post
568 3409 632 3471 haec
651 3409 795 3492 praecepit
817 3409 921 3492 Papa,
946 3417 982 3472 ut
1005 3430 1063 3494 ego
1089 3429 1267 3494 surgerem,
1285 3408 1374 3490 pravi

374 3505 504 3569 rumoris
524 3526 542 3567 a
563 3528 612 3569 me
631 3509 781 3570 maculam
801 3509 1026 3592 abstergerem,
1046 3507 1138 3572 fidem
1154 3529 1256 3571 meam
1276 3529 1374 3592 expo-

374 3627 497 3681 nerem,
513 3607 684 3689 expositam
703 3609 771 3690 plus
793 3610 888 3672 sacris
908 3609 1155 3684 auctoritatibus,
1173 3622 1267 3692 quam
1282 3629 1375 3694 argu·

374 3705 486 3769 mentis
505 3708 677 3789 probarem.
703 3709 814 3791 ltaque
834 3711 967 3784 surrexi,
987 3711 1069 3793 quod
1089 3709 1172 3773 sensi
1196 3709 1275 3785 dixi,
1290 3710 1376 3792 quod

375 3805 438 3869 dixi
453 3807 601 3890 probavi,
626 3808 707 3890 quod
719 3807 845 3889 probavi
867 3810 1006 3872 omnibus
1022 3810 1158 3893 placuit,
1177 3808 1252 3872 nulli
1266 3807 1375 3892 displi-

376 3906 450 3969 cuit.
482 3906 600 3970 Dehinc
627 3907 782 3971 declarata
813 3916 861 3970 est
889 3910 1024 3994 spmodus
1052 3908 1281 3983 Vercellensis,
1307 3928 1377 3991 quae

375 4005 515 4088 proximo
539 4015 610 4070 tunc
632 4006 806 4091 Septembri
827 4009 933 4072 eodem
962 4009 1134 4093 presidente
1157 4007 1306 4071 Pontifice
1329 4014 1379 4070 est

376 4106 528 4169 celebrata
553 4106 712 4170 Vercellis
741 4108 794 4172 Ad
814 4129 905 4191 quam
930 4117 1057 4173 vocatus
1082 4131 1144 4172 non
1163 4106 1293 4172 venisti:
1318 4127 1376 4189 ego

375 4226 449 4268 vero
475 4214 632 4290 praecepto
661 4228 697 4270 ac
725 4207 864 4290 precibus
890 4207 1009 4292 praefati
1034 4207 1191 4272 Pontificis
1216 4227 1313 4289 usque
1339 4206 1378 4268 ad

378 4306 476 4389 ipsam
504 4308 656 4392 synodum
677 4330 778 4373 secum
802 4310 943 4373 remansi.
964 4311 998 4373 ln
1015 4331 1074 4392 qua
1095 4309 1124 4371 in
1146 4307 1301 4372 audientia
1316 4328 1379 4370 om-
