3184 5442
507 735 545 774 ua
568 735 706 775 eumuna
730 733 945 775 consessionis.
1153 716 1218 777 300

231 891 287 932 nus
305 892 312 930 ε
337 902 348 922 u
373 873 407 936 Si
419 875 599 938 verecundia
615 875 786 938 retrahente
812 873 946 937 revelare
963 880 1089 955 peccata
1102 881 1156 935 tua
1171 894 1220 936 co-

230 990 295 1030 ram
307 970 477 1035 hominibus
489 974 657 1050 erubescis,
682 974 742 1048 illi,
771 994 862 1056 quern
876 972 971 1035 latere
994 993 1055 1034 non
1069 980 1215 1054 possunt,

230 1071 363 1133 confiteri
376 1092 413 1133 ea
420 1072 498 1156 jugi,
522 1073 741 1156 supplicatione
754 1094 815 1135 non
834 1073 966 1147 desinas,
984 1072 1037 1155 qui
1059 1078 1091 1133 et
1104 1073 1220 1153 absque

230 1167 318 1230 ullius
338 1171 526 1233 verecundiae
540 1172 743 1253 publicatione
754 1191 860 1234 curare
878 1222 885 1244 ,
909 1177 941 1233 et
955 1169 1020 1232 sine
1031 1170 1219 1252 improperio

230 1274 357 1347 peccata
371 1268 483 1331 donare
495 1271 663 1334 consuevit.
682 1302 693 1324 ἰ
708 1270 865 1332 Maximus
879 1269 911 1332 in
927 1289 1065 1332 sermone
1075 1268 1218 1332 Paschali

229 1365 325 1428 dicit:
348 1397 360 1417 u
386 1369 513 1431 Invenio
528 1369 611 1451 quod
633 1370 746 1433 Petrus
768 1366 899 1441 fleverit,
929 1388 989 1428 non
1010 1367 1131 1430 invenio
1147 1367 1219 1450 quid

229 1464 350 1536 dixerit3
368 1466 521 1550 lacrymas
532 1469 597 1552 ejus
612 1468 690 1544 lego,
708 1465 947 1530 satisfactionem
960 1486 1020 1527 non
1035 1466 1115 1549 lego.
1139 1498 1151 1519 η
1177 1469 1220 1529 Et

229 1564 333 1648 lingua
347 1565 482 1647 Spiritus
496 1566 592 1629 sancti
606 1566 690 1628 Leo:
714 1597 727 1619 ι·
740 1564 899 1648 Lacrymis
921 1565 1040 1626 lavator
1060 1563 1214 1638 delictum,

231 1664 313 1762 quod
326 1685 401 1726 voce
417 1664 513 1746 pudor
529 1672 577 1727 est
591 1664 737 1728 confiteri.
748 1663 923 1727 Misericors
932 1662 1043 1725 etenim
1055 1663 1217 1744 Dominus,

231 1769 263 1823 et
277 1762 391 1844 absque
406 1762 468 1825 ulla
482 1763 670 1851 confessione
692 1763 827 1845 respexit
841 1763 981 1837 Petrum,
1004 1770 1036 1825 et
1052 1762 1177 1826 indulsit
1192 1762 1220 1824 ei

230 1859 317 1922 trinae
331 1861 501 1944 negationis
515 1863 692 1926 admissum.
717 1895 730 1913 w

273 1959 438 2023 Sciendum
453 1983 524 2024 vero
539 1963 703 2026 minoribus
714 1983 905 2045 summopere
928 1969 977 2026 est
995 1961 1215 2036 sacerdotibus

232 2067 263 2121 et
272 2059 405 2122 maxime
419 2062 563 2143 praelatis,
581 2083 620 2124 ne
642 2062 765 2145 culpam
780 2061 895 2125 dictam
911 2062 942 2124 in
961 2063 1077 2126 occulto
1093 2062 1148 2123 sub
1167 2080 1219 2122 no-

230 2157 311 2219 mine
322 2159 446 2223 alterius
457 2161 552 2244 oulpae
567 2161 720 2225 vindicent
733 2162 763 2223 in
779 2160 909 2245 publico.
925 2161 1016 2224 Unde
1031 2160 1062 2225 in
1078 2159 1159 2222 linea
1169 2181 1220 2222 ve

230 2255 340 2328 ritatis
363 2258 461 2341 sigillo
475 2259 815 2344 videlicetevangelico,
847 2279 915 2322 cum
934 2259 1030 2321 Filius
1043 2257 1103 2321 Dei
1122 2256 1219 2320 dixis-

230 2362 289 2428 set,
306 2364 341 2418 ut
355 2356 412 2439 ipsi
426 2357 457 2418 in
471 2358 558 2420 nobis
578 2379 672 2420 unum
686 2358 757 2431 sint,
780 2358 858 2421 siout
881 2365 914 2420 tu
927 2357 1022 2420 Pater
1044 2357 1077 2418 in
1099 2376 1166 2429 me,
1190 2364 1221 2417 et

230 2475 287 2537 ego
299 2455 327 2516 in
341 2463 383 2534 te,
400 2478 459 2519 non
476 2457 541 2519 sine
554 2479 665 2542 magno
685 2465 877 2520 sacramento
890 2456 989 2520 tacuit
1001 2477 1111 2518 nomen
1127 2454 1222 2537 Spiri-
1295 2442 1299 2451 ⁸

230 2561 279 2616 tus
294 2556 411 2629 Sancti,
431 2578 499 2620 cum
509 2558 614 2630 Pater,
637 2566 669 2620 et
677 2557 785 2628 Filius,
801 2564 834 2618 et
842 2556 975 2638 Spiritus
985 2556 1117 2619 Sanctus
1127 2575 1220 2616 unum

230 2651 303 2715 sint.
320 2653 432 2715 Unitas
453 2654 533 2715 enim
549 2653 719 2715 confitentis
741 2653 772 2714 in
787 2651 910 2713 tertiam
934 2651 1040 2714 adduci
1060 2673 1221 2734 personam

231 2770 291 2811 non
308 2751 408 2826 debet,
426 2771 482 2813 nec
497 2753 552 2813 sub
564 2751 685 2813 nomine
697 2749 821 2813 ulterius
834 2750 930 2832 culpae
942 2751 1002 2813 ista
1017 2751 1135 2831 puritas
1147 2750 1222 2814 infa-

232 2850 319 2922 mari,
338 2850 392 2911 sed
406 2855 521 2913 secrete
534 2849 652 2932 Spiritu
663 2848 778 2911 Sancto
791 2848 952 2911 committi.

277 2948 394 3012 Omitto
407 2949 445 3010 de
459 2948 516 3018 his,
543 2968 611 3031 quae
633 2946 772 3011 confessa
787 2954 870 3020 sunt,
890 2953 1010 3009 tantum
1031 2947 1125 3030 loqui,
1152 2967 1222 3010 cum

231 3048 431 3132 Evangelium
442 3048 481 3110 de
497 3048 554 3122 his,
574 3067 642 3130 quae
657 3047 808 3121 videmus,
830 3052 863 3110 et
874 3046 1020 3128 patimur,
1036 3046 1139 3109 dcet:
1158 3076 1170 3098 ιι
1187 3046 1222 3109 Si

230 3147 402 3230 peccaverit
414 3147 445 3208 in
458 3153 489 3208 te
501 3144 593 3209 frater
609 3156 691 3220 tuuS,
709 3144 827 3228 corripe
839 3166 909 3208 eum
924 3145 1005 3207 inter
1016 3153 1058 3218 te,
1079 3153 1110 3207 et
1121 3145 1221 3226 ipsum

231 3245 339 3308 solum.
368 3277 379 3297 ·=
408 3247 457 3309 De
472 3266 534 3327 qua
556 3245 707 3308 sententia
728 3245 766 3309 B.
792 3244 985 3328 Augustinus
1010 3244 1053 3306 sic
1072 3242 1103 3303 in
1121 3241 1223 3304 verbis
1302 3313 1308 3325 ¹

230 3345 389 3429 Evangelii
406 3344 498 3408 dicit:
519 3376 530 3395 «ι
545 3344 671 3428 Corripe
682 3343 806 3407 fratrem
821 3352 908 3406 tuum
924 3342 1002 3405 inter
1014 3353 1056 3416 te,
1077 3349 1109 3404 et
1122 3340 1220 3423 ipsum

230 3445 338 3519 solum,
355 3445 476 3507 intuens
490 3444 676 3518 correctioni,
695 3464 823 3527 parcens
834 3443 941 3525 pudori
950 3465 957 3515 ;
972 3440 1050 3505 forte
1066 3440 1147 3503 enim
1159 3461 1221 3523 prae

230 3545 410 3608 verecundia
420 3543 544 3626 incipiet
561 3543 723 3606 defendere
737 3543 857 3625 culpam
873 3564 971 3616 suam,
992 3541 1041 3603 vel
1062 3546 1221 3623 peccatum

231 3664 318 3706 suum
327 3667 334 3716 3
357 3651 390 3706 et
405 3644 457 3726 qui
469 3643 515 3706 vis
535 3641 633 3705 facere
646 3643 874 3714 correctionem,
891 3640 966 3705 facis
978 3642 1123 3725 pejorem.
1143 3638 1220 3702 Cor-

230 3742 294 3825 ripe
315 3763 387 3826 ergo
403 3742 482 3804 inter
507 3748 549 3813 te,
576 3750 607 3803 et
627 3742 727 3824 ipsum
749 3740 859 3803 solum.
888 3742 997 3804 ”Item
1020 3740 1123 3802 idem:
1147 3768 1160 3790 u
1175 3739 1222 3801 Tu

230 3841 300 3915 sois,
319 3842 391 3925 quia
406 3840 561 3924 peccavit,
591 3840 662 3922 quia
687 3840 767 3902 enim
784 3848 934 3902 secretum
952 3836 1026 3911 firit,
1054 3838 1176 3920 quando
1190 3837 1221 3898 in

230 3943 261 3998 te
275 3936 423 4017 peccavit,
447 3944 596 3999 secretum
613 3956 725 4018 quaere,
747 3956 816 3999 cum
826 3934 950 4018 corrigis
962 3933 1044 4017 quod
1059 3932 1218 4016 peccavit:

230 4056 300 4096 nam
312 4036 338 4097 si
353 4034 434 4097 solus
444 4033 523 4096 nosti
538 4035 619 4116 quod
640 4035 779 4118 peccavit
796 4034 825 4096 in
842 4041 889 4106 te,
910 4043 941 4097 et
958 4055 1027 4097 eum
1050 4032 1097 4095 vis
1118 4051 1219 4094 coram

230 4133 368 4196 omnibus
378 4133 537 4214 corrigere,
555 4153 664 4195 nones
680 4141 854 4209 corrector,
878 4134 931 4195 sed
943 4132 1089 4214 proditor.
1109 4161 1120 4180 n
1142 4129 1219 4190 Item

229 4234 309 4295 idern
326 4259 331 4295 ;
356 4265 367 4282 «ι
382 4233 453 4314 Ipsa
468 4231 655 4314 corripienda
671 4239 740 4294 sunt
752 4251 853 4293 coram
864 4231 1046 4305 hominibus5
1066 4247 1134 4308 quae
1144 4246 1217 4309 pec-
