3184 5442
358 716 363 739 ¹
410 713 498 753 LIBER
523 712 560 751 DE
583 711 719 751 CORPORE
743 711 780 752 ET
804 713 882 752 SANG
922 714 1042 756 DOMINI.
1163 699 1226 760 lii-5

229 845 263 908 in
275 871 380 931 aquas
396 851 548 932 Pluraque
562 849 592 910 in
607 851 685 912 hunc
701 851 837 912 modum.
853 851 906 912 Ad
922 851 1062 914 ultimum
1073 855 1228 935 praemisso

232 943 283 1006 illo
295 967 406 1029 magno
421 966 457 1008 ac
472 945 615 1029 singulari
629 945 772 1008 miraculo
790 950 829 1008 de
844 953 935 1028 partu
950 946 1095 1031 Virginis,
1111 951 1225 1032 inquit:
1250 1028 1253 1034 .

237 1075 249 1095 v
267 1047 309 1108 Et
318 1045 375 1108 hoc
386 1047 466 1128 quod
476 1046 647 1109 conficimus
658 1067 766 1127 corpus
778 1068 816 1108 ex
828 1046 956 1130 Virgine
968 1056 1026 1110 est.
1042 1081 1054 1102 n
1069 1052 1111 1111 Et
1121 1071 1160 1112 ne
1171 1072 1225 1112 na-

233 1153 331 1206 turam
347 1130 491 1228 potentiae
509 1146 618 1208 divinae
631 1167 840 1228 praeponeres
854 1147 941 1228 quasi
957 1169 1017 1208 non
1032 1150 1129 1230 possit
1143 1151 1229 1213 Deus

234 1245 391 1330 cujuslibet
402 1247 445 1308 'rei
460 1253 579 1309 mutare
590 1255 750 1319 naturam;
765 1246 897 1310 occurrit
910 1246 1014 1311 dicens
1029 1269 1037 1309 ε
1058 1277 1070 1300 κ
1086 1248 1168 1327 Quid
1181 1249 1230 1312 hic

234 1346 343 1428 quaeris
357 1353 474 1409 naturae
488 1345 623 1409 ordinem
635 1347 666 1408 in
680 1346 795 1409 Christi
807 1367 933 1429 corpore
945 1399 951 1422 ,
966 1368 1035 1410 cum
1050 1356 1161 1429 praeter
1173 1370 1229 1427 na-¹

234 1455 333 1508 turam
344 1445 385 1510 sit
395 1446 461 1530 ipse
470 1446 620 1509 Dominus
631 1446 652 1508 J
654 1467 723 1508 esus
736 1455 843 1528 partus
855 1467 895 1508 ex
909 1446 1053 1530 Virginei
1069 1452 1086 1501 η’
1098 1448 1229 1512 Sextum

235 1564 356 1627 quoque
368 1546 406 1607 de
423 1544 621 1608 sacramentis
632 1545 741 1606 librum
751 1545 783 1606 in
798 1567 858 1626 quo
873 1567 966 1628 opere
977 1545 1137 1628 praelatum
1147 1569 1230 1611 men-

234 1644 353 1708 dacium
365 1666 433 1708 eum
445 1645 558 1707 dixisse
568 1645 754 1708 mendaciter
765 1644 936 1719 affirmasti,
953 1646 995 1709 sic
1007 1647 1127 1729 incipit:
1152 1676 1164 1699 u
1183 1648 1229 1710 Si-

235 1750 286 1806 cut
301 1764 391 1807 verus
400 1752 448 1808 est
456 1745 515 1808 Dei
530 1745 609 1807 filius
619 1745 768 1807 Dominus
782 1752 885 1807 noster
897 1747 917 1807 J
919 1767 988 1807 esus
1000 1745 1153 1819 Christus,
1168 1768 1228 1809 non
1253 1792 1257 1799 .

234 1863 289 1924 per
302 1844 433 1928 gratiam
449 1845 706 1927 quemadmodum
721 1844 821 1907 caeteri
835 1843 989 1919 homineS,
1003 1845 1056 1907 sed
1071 1866 1124 1927 per
1136 1855 1227 1909 natu-

235 1943 660 2028 ramzitaveracaroejusest,
671 1943 1229 2030 quamaccipimusetverusejussan-

236 2043 303 2126 guis
315 2050 373 2116 est,
389 2065 479 2125 quem
491 2051 645 2126 potamus,
664 2073 676 2097 »
692 2043 882 2107 Paucissima
892 2045 930 2105 de
944 2044 1045 2106 multis
1055 2067 1104 2106 me
1117 2045 1229 2108 dixisse

237 2141 383 2218 sufficiat,
399 2151 435 2206 ut
448 2145 575 2207 lectores
594 2152 731 2219 tuarum,
748 2151 842 2226 atque
857 2165 993 2207 mearum
1009 2144 1228 2207 sententiarum

236 2243 447 2325 perspicaciter
458 2236 634 2328 agnoscant,
648 2265 708 2326 qua
718 2243 824 2306 fraude
836 2245 924 2327 fingis
936 2266 995 2306 non
1011 2243 1151 2318 inventa;
1168 2266 1229 2327 qua

236 2342 349 2406 astutia
367 2345 518 2426 depravas
537 2345 679 2417 inventa;
701 2365 763 2427 qua
783 2344 953 2427 pervicacia
972 2346 1003 2407 in
1022 2344 1103 2407 aliud
1124 2345 1227 2407 detor-

236 2462 328 2524 quere
349 2444 468 2507 conaris
491 2465 688 2526 quaecumque
713 2444 856 2526 relinquis
879 2445 982 2507 illaesa.
1010 2445 1067 2508 Cui
1086 2444 1229 2528 nequitiae

237 2541 319 2605 nulla
332 2541 395 2605 fere
408 2544 616 2607 haereticorum
639 2544 776 2625 pravitas
790 2565 810 2606 a
825 2552 962 2628 tempore
981 2545 1106 2609 Luciani
1122 2553 1153 2608 et
1170 2545 1228 2608 lsi-

238 2641 296 2705 chii
308 2643 413 2705 similis
425 2644 538 2717 extitit,
554 2665 684 2726 quorum
696 2651 824 2725 uterque
833 2645 1038 2727 propheticas,
1057 2652 1089 2706 et
1099 2665 1229 2726 evange-

239 2743 321 2819 licas,
334 2750 426 2826 atque
436 2732 617 2827 apostolicas
630 2744 794 2825 scripturas
807 2746 846 2807 ad
858 2766 920 2807 suae
929 2765 1027 2807 causac
1037 2744 1227 2807 commodum

239 2844 428 2927 depravavit.
442 2847 578 2927 Quaeque
589 2845 713 2907 haeresis
724 2866 827 2907 sacras
837 2846 958 2926 quidem
967 2844 1084 2906 litteras
1093 2843 1172 2905 male
1180 2842 1227 2904 in-

239 2944 367 3018 tellexit,
384 2946 438 3007 sed
449 2957 551 3007 tamen
563 2944 628 3007 sine
643 2944 705 3006 ulla
716 2945 871 3007 eversione
886 2944 916 3005 in
930 2965 986 3005 suo
998 2964 1050 3005 eas
1064 2949 1146 3004 stat'u
1160 2963 1228 3005 ma-

238 3064 310 3107 nere
320 3045 466 3127 permisit.
481 3048 515 3109 In
532 3053 640 3128 quarto
655 3066 726 3107 vero
742 3046 780 3107 de
794 3043 993 3106 sacramentis
1007 3060 1145 3104 sermone
1161 3061 1229 3104 cum

238 3144 381 3227 praefatus
396 3146 501 3208 doctor
520 3153 675 3229 satageret
693 3145 863 3228 approbare
880 3164 941 3204 non
960 3163 1026 3204 esse
1041 3141 1226 3214 mirandum,

239 3245 265 3307 si
279 3266 315 3307 ea
327 3267 395 3327 quae
406 3252 478 3308 sunt
488 3244 590 3307 diviua
600 3244 737 3326 potentia
749 3244 779 3305 in
794 3243 876 3305 aliud
886 3248 1053 3316 transeant,
1068 3247 1231 3323 propterea

229 3346 322 3427 quod
332 3345 399 3427 ipsa
411 3365 531 3428 quoque
541 3345 668 3429 jubente
682 3344 784 3406 omnia
798 3365 837 3406 ex
849 3342 941 3405 nihilo
953 3341 1034 3405 lacta
1043 3341 1225 3413 subsistant;

240 3445 395 3529 subjunxit
408 3469 414 3505 z
434 3475 446 3496 u
460 3445 495 3508 Si
506 3445 599 3528 igitur
611 3450 697 3506 tanta
706 3443 752 3505 vis
764 3451 811 3505 est
820 3442 850 3504 in
860 3463 999 3505 sermone
1007 3441 1131 3504 Domini
1140 3443 1160 3504 J
1162 3462 1227 3517 esu,

241 3551 275 3607 ut
289 3543 456 3626 inciperent
471 3563 538 3605 esse
555 3542 636 3624 quod
650 3563 708 3603 non
726 3549 830 3616 erant,
846 3541 1072 3624 quantomagis
1087 3548 1229 3624 operato-

242 3642 302 3706 rius
320 3651 382 3717 est,
396 3650 432 3705 ut
450 3643 512 3705 sint
530 3663 597 3724 quae
617 3649 721 3715 erant,
741 3649 773 3703 et
793 3642 825 3702 in
847 3642 928 3704 aliud
950 3641 1190 3704 commutenturl
1213 3674 1226 3695 ι»

240 3745 318 3808 Esse
341 3743 462 3826 quidem
489 3742 654 3805 secundum
679 3740 829 3803 visibilem
851 3741 983 3825 speciem
1008 3747 1139 3804 testatur
1164 3762 1231 3822 quae

242 3851 345 3918 erant,
363 3843 543 3906 commutari
558 3862 630 3904 vero
644 3842 810 3903 secundum
831 3840 1006 3904 interiorem
1025 3839 1188 3903 essentiam
1201 3840 1233 3902 in

242 3949 381 4006 naturam
401 3943 520 4005 illarum
538 3962 639 4004 rerum
658 3962 725 4023 quac
745 3949 836 4004 antea
852 3963 911 4003 non
930 3948 1027 4004 erant.
1051 3941 1121 4003 Hoc
1142 3940 1232 4002 modo

243 4050 329 4118 ante,
347 4051 378 4105 et
390 4049 460 4125 post
470 4043 602 4124 ipsemet
613 4041 756 4122 exponit,
776 4041 903 4103 diversis
915 4040 1038 4122 quidem
1049 4039 1165 4113 verbis,
1178 4039 1234 4102 sed

242 4164 302 4204 non
325 4143 453 4205 diversis
473 4141 643 4205 sententiis.
659 4141 765 4222 Atque
791 4141 860 4203 hinc
886 4142 1015 4204 arbitror
1039 4147 1070 4202 te
1092 4159 1232 4218 assump-

243 4243 319 4307 sisse
333 4244 415 4325 quod
431 4242 568 4326 superius
582 4240 720 4314 intulisti,
736 4242 878 4323 quodque
890 4239 1086 4302 tolerabiliter
1101 4238 1229 4310 dictum,
