3184 5442
548 698 754 742 ntucrnnnruu
778 698 846 740 srva
871 697 1027 738 nrmoous
1222 677 1289 738 253

291 838 386 912 Adae,
400 837 504 919 inquo
520 857 625 899 omnes
636 843 855 918 peccaverim,
873 844 905 900 et
924 836 955 898 in
980 857 1041 918 quo
1056 857 1164 900 omnes
1178 845 1258 901 mort
1282 838 1287 848 '

294 942 377 998 sunt.

335 1036 376 1098 D.
404 1033 439 1098 Si
453 1055 558 1097 omnes
568 1034 600 1097 in
615 1034 719 1098 Adam
733 1035 845 1097 mortui
856 1041 939 1112 sunt,
958 1035 1111 1117 quomodo
1125 1044 1291 1100 nascuntur

292 1134 373 1197 vivit
390 1170 434 1182 -
447 1134 493 1196 Μ.
510 1134 597 1197 Sicut
608 1133 634 1196 si
646 1134 716 1216 quis
728 1134 768 1196 ad
780 1134 915 1216 aliquam
929 1131 1095 1198 fenestram
1107 1156 1141 1213 se
1152 1136 1291 1199 demons-

293 1241 374 1312 tret,
392 1240 424 1297 et
440 1224 544 1297 statim
558 1223 730 1296 revertatur
750 1255 756 1292 :
778 1232 822 1296 sic
836 1232 928 1294 homo
942 1252 1072 1295 nascens
1084 1234 1171 1314 quasi
1186 1256 1219 1298 se
1233 1236 1289 1298 de·

293 1339 444 1396 monstrat
453 1333 484 1393 in
495 1333 621 1405 mund0,
639 1339 670 1395 et
684 1353 757 1394 mox
770 1331 802 1394 in
816 1338 946 1394 mortem
961 1331 1132 1395 revertitur.

336 1433 378 1496 D.
405 1432 440 1496 Si
455 1438 583 1514 peccata
603 1430 778 1494 relaxantur
792 1431 823 1493 in
839 1431 1007 1514 baptismo,
1026 1451 1080 1494 cur
1096 1432 1289 1515 baptizantur

294 1532 345 1614 qui
361 1532 400 1594 de
415 1531 459 1594 eis
478 1537 654 1594 nascuntur.
671 1566 711 1577 —
728 1531 773 1593 Μ.
791 1530 827 1593 Si
846 1531 948 1613 aliqua
961 1537 1052 1613 pasta
1067 1551 1183 1594 veneno
1200 1532 1290 1595 fuerit

294 1637 447 1713 corrupta,
461 1650 566 1692 omnes
580 1650 676 1712 panes
690 1651 729 1692 ex
744 1650 782 1692 ea
795 1628 925 1693 confecti
939 1637 1011 1692 sunt
1023 1629 1171 1693 mortiferi
1184 1654 1190 1694 :
1205 1631 1289 1695 sicin

295 1731 398 1793 Adam
408 1728 466 1793 fuit
477 1750 580 1791 massa
595 1736 756 1810 corrupta,
775 1735 807 1791 et.
825 1728 894 1791 ideo
913 1749 950 1790 ex
968 1749 1004 1791 eo
1019 1729 1084 1792 nati
1100 1736 1172 1792 sunt
1187 1751 1292 1794 omnes

293 1837 420 1913 peccato
429 1828 561 1910 corrupti
572 1852 579 1901 ;
594 1834 625 1890 et
638 1827 748 1891 idcirco
758 1835 856 1891 morte
868 1828 962 1911 digni,
976 1827 1033 1890 nisi
1045 1826 1157 1892 fuerint
1166 1829 1197 1890 in
1206 1850 1290 1892 mor-

295 1938 327 1992 te
350 1928 565 2011 Redemptoris
580 1948 635 2010 per
653 1927 840 2009 baptismum
859 1926 1016 1991 vivificati.
1034 1927 1122 1990 Sicut
1140 1948 1212 2011 ergo
1233 1950 1290 2011 pa·

295 2036 397 2091 rentes
409 2048 465 2110 pro
486 2027 594 2108 seipsis
618 2027 650 2087 in
669 2026 855 2110 baptismate
877 2033 948 2089 sunt
970 2026 1143 2104 emundati,
1157 2026 1201 2089 ita
1215 2028 1292 2090 filios

251 2130 255 2136 ’
296 2135 416 2209 oportet
426 2147 481 2210 pro
494 2125 602 2208 seipsis
611 2146 665 2208 per
674 2133 805 2189 mortem
815 2125 927 2188 Christi
935 2125 966 2186 in
976 2125 1128 2207 baptismo
1140 2128 1289 2205 renovari,

296 2232 331 2289 ut
342 2226 471 2289 dicitur:
488 2254 501 2276 «ι
515 2224 642 2299 Omnes,
656 2224 708 2307 qui
717 2223 748 2285 in
760 2223 863 2287 Adam
874 2223 1055 2302 moriuntur,
1067 2225 1098 2287 in
1110 2224 1232 2289 Christo
1243 2226 1292 2290 vi-

296 2325 507 2390 vificabuntur.
529 2357 542 2377 ιι

342 2426 383 2489 D.
408 2425 443 2489 Si
464 2413 625 2508 praegnans
643 2424 748 2487 mulier
767 2424 956 2506 baptizatur,
975 2425 1099 2506 prodest
1116 2424 1223 2489 infanti
1241 2427 1294 2498 illa

297 2523 462 2608 baptizatio
474 2574 480 2599 ‚
491 2523 517 2587 si
528 2523 559 2585 in
566 2520 607 2584 ea
614 2521 854 2587 moriturl-M.
863 2523 959 2587 Nihil.
971 2524 1116 2586 Nondum
1125 2525 1204 2589 enim
1215 2525 1293 2589 siout

298 2625 401 2687 Adam
415 2621 472 2686 fuit
486 2629 594 2694 natus;
608 2627 641 2684 et
655 2620 723 2684 ideo
735 2621 766 2683 in
779 2620 901 2685 Christo
916 2643 976 2684 non
988 2623 1141 2708 judicatur
1156 2633 1289 2688 renatus.

342 2725 385 2793 D.
411 2723 475 2787 Cur
486 2742 546 2783 non
558 2721 708 2803 permittit
721 2720 807 2784 Deus
823 2722 972 2802 quosdam
985 2722 1067 2784 nasci
1084 2730 1119 2785 ut
1136 2724 1292 2805 baptizen-
1311 2771 1313 2775 .

299 2833 365 2898 tur,
381 2832 435 2887 aut
448 2831 538 2886 natos
554 2821 639 2905 prius
655 2820 807 2884 subtrahit
822 2821 930 2895 morti,
952 2842 1044 2903 quam
1060 2824 1290 2906 regenerenturl

299 2960 343 2971 —
358 2924 406 2986 M.
424 2925 445 2986 J
446 2922 546 2985 udioia
555 2920 616 2985 Dei
627 2923 758 3005 abyssus
768 2920 866 2984 multa
881 2943 887 2982 :
903 2920 1031 3003 ideoque
1042 2920 1170 2994 occuito,
1189 2943 1295 3005 quam-

299 3023 347 3086 vis
358 3044 451 3087 causa
461 3022 492 3084 in
504 3021 552 3084 his
564 3021 692 3092 eluceat¹
706 3042 775 3084 cum
787 3028 894 3084 notum
906 3020 947 3084 sit
958 3021 1040 3103 quod
1051 3028 1175 3104 propter
1183 3021 1294 3085 electos

299 3125 373 3188 fiat:
387 3129 423 3186 ut
436 3121 578 3185 videlicet
590 3142 659 3184 cum
672 3120 747 3184 istos
760 3128 825 3184 tam
837 3119 1006 3183 immeritos
1017 3128 1048 3183 et
1060 3141 1137 3203 pene
1149 3119 1213 3182 sine
1222 3141 1295 3202 pec-

300 3231 369 3288 cato
384 3221 514 3285 viderint
530 3220 561 3282 in
577 3239 679 3303 poena,
698 3228 729 3282 et
744 3240 777 3282 se
793 3227 863 3302 post
877 3219 974 3281 multa
986 3217 1121 3281 facinora
1132 3225 1196 3281 tam
1208 3218 1294 3282 inde-

301 3323 380 3385 bitos
390 3321 421 3386 in
433 3320 529 3405 gloria
545 3318 667 3383 uberius
677 3319 842 3403 jubilantes
852 3318 920 3381 Deo
934 3325 1038 3401 grates
1051 3315 1195 3397 reserant,
1210 3319 1295 3405 cujus

300 3421 401 3503 gratia
411 3427 476 3483 tam
488 3419 614 3481 meritas
628 3438 736 3500 poenas
751 3425 925 3481 evaserrmt.

345 3519 386 3581 D.
412 3519 512 3596 Quam
525 3538 647 3600 poenam
658 3516 899 3599 habentparvuli
913 3516 977 3579 sine
993 3515 1145 3598 baptismo
1160 3517 1289 3580 mortuil

304 3653 344 3666 -
360 3618 407 3680 M.
424 3618 578 3682 Tenebras
592 3622 724 3679 tantum.

345 3716 387 3778 D.
405 3715 507 3779 Nocet
524 3714 639 3798 aliquid
660 3712 843 3788 infantibus,
864 3714 944 3796 quod
961 3713 1000 3776 de
1014 3714 1119 3778 illicito
1134 3713 1292 3799 conjugio,

302 3814 416 3879 scilicet
431 3816 469 3878 de
484 3814 643 3887 adulterio,
662 3813 711 3876 vel
726 3813 873 3897 cognatis,
890 3814 938 3877 vel
953 3813 1116 3888 canonicis,
1132 3814 1181 3876 vel
1195 3835 1298 3876 mona-

303 3915 377 3990 chis,
393 3916 441 3979 vel
453 3913 730 3978 sanctimonialibus
740 3914 789 3976 vel
802 3915 918 3978 caeteris
931 3914 1054 3979 incestis
1068 3914 1296 3979 commixtioni-

302 4017 359 4079 bus
374 4015 557 4079 nascuntur!
581 4050 618 4062 -
640 4013 686 4076 M.
701 4013 789 4076 Nihil
808 4014 945 4090 omnino,
966 4014 992 4077 si
1013 4014 1123 4078 suerint
1143 4013 1296 4096 baptisma

303 4115 474 4188 consecuti;
491 4115 567 4179 siout
578 4135 634 4178 nec
644 4113 743 4177 tritico
758 4122 860 4191 nocet,
872 4114 899 4176 si
910 4114 1042 4178 furatum
1052 4135 1107 4197 per
1118 4112 1215 4177 furem
1226 4110 1293 4174 fue-

304 4215 344 4278 rit
356 4217 550 4278 seminatum.
