3184 5442
296 713 361 776 104
677 731 706 772 o.
733 729 909 772 murorum

298 871 425 935 Christi.
441 868 452 955 ]
468 871 505 934 ld
525 879 588 944 est,
601 870 636 932 'in
652 875 742 933 aetate
758 890 820 953 qua
841 869 981 933 Christus
994 866 1212 953 plenitudinem
1234 891 1290 934 an·

284 992 402 1035 norum
410 977 442 1033 et
455 969 589 1052 corporis
600 969 714 1034 habens
727 969 760 1031 iu
771 975 854 1034 terra
861 970 900 1032 de
911 970 969 1033 hoc
980 969 1088 1032 saeculo
1103 968 1235 1033 transiit.
1247 1005 1289 1018 -

294 1069 617 1133 Subministratiorris.
632 1068 644 1156 ]
658 1069 906 1134 Subministratio
927 1069 1053 1155 alicujus
1067 1069 1236 1152 peccatoris
1249 1069 1291 1134 ad

293 1171 396 1236 Deum
411 1169 567 1233 conversio
575 1192 582 1243 ;
603 1173 654 1252 qui
669 1170 713 1233 ita
728 1170 873 1234 Ecclesiae
888 1169 1056 1253 copulatur,
1071 1177 1106 1233 ut
1120 1169 1291 1233 membrum

295 1269 423 1354 corpori.
450 1304 493 1316 —
516 1266 696 1331 Secundum
706 1275 931 1354 operationem.
945 1267 957 1354 ]
971 1270 1146 1333 Secundum
1157 1267 1189 1332 id
1208 1268 1290 1352 quod

296 1377 440 1453 operatur
461 1389 554 1432 unum
568 1369 755 1444 membrum,
775 1367 834 1430 erit
855 1376 1053 1451 augmentum
1073 1367 1219 1451 corporis.
1244 1404 1290 1416 —

296 1470 337 1533 In
349 1469 516 1532 charitate.
534 1467 546 1554 ]
566 1469 703 1552 Exponit
722 1469 847 1531 modum
860 1467 952 1553 hujus
965 1466 1170 1531 aedifioationis
1184 1491 1191 1529 ε
1208 1470 1292 1552 quod
1390 1486 1392 1491 '

292 1591 353 1633 non
367 1569 402 1632 fit
416 1567 474 1632 nisi
490 1568 555 1631 sola
570 1569 729 1632 charitate.
747 1567 908 1650 Sioperari
922 1566 1033 1642 renuit,
1050 1569 1218 1631 membrum
1227 1590 1290 1632 non

293 1677 351 1734 est.
380 1706 421 1719 -
444 1669 537 1732 Diem
563 1667 799 1754 redemptionis.
818 1666 830 1753 ]
848 1668 940 1731 Diem
958 1669 1186 1752 redemptionis,
1207 1669 1292 1733 diem

293 1775 385 1834 vocat
401 1769 604 1853 baptismatis
619 1770 651 1833 in
674 1789 735 1854 quo
757 1767 892 1852 Spiritus
906 1776 1032 1832 sanctus
1051 1768 1110 1831 lide
1133 1775 1166 1831 et
1184 1789 1289 1832 sacra-

295 1868 417 1945 mentis,
436 1876 468 1932 et
481 1869 588 1953 gratiis
604 1868 811 1953 spiritualibus
832 1869 932 1952 signat
948 1868 1063 1942 fideles,
1076 1868 1108 1931 id
1122 1876 1180 1944 est,
1192 1867 1290 1932 abiu-

295 1969 442 2033 fidelitate
456 1968 593 2032 secernit.
774 1981 777 1986 “

640 2307 642 2312 .
733 2265 801 2307 ΟΑΡ.
829 2265 859 2308 V.

340 2464 443 2528 Nemo
453 2487 515 2527 vos
524 2460 664 2526 seducat.
680 2462 899 2548 ]Seducebant
909 2465 1034 2547 quidam
1044 2465 1197 2529 auditores
1203 2485 1292 2541 suos:

296 2552 515 2649 persuadentes
526 2564 582 2641 eis,
595 2564 676 2647 quod
686 2569 812 2647 propter
820 2563 976 2647 superiora
984 2571 1123 2648 peccata,
1132 2586 1192 2629 non
1203 2565 1296 2630 amit-

296 2672 376 2729 teret
386 2663 582 2728 homovitam
594 2671 749 2727 aeternam.
778 2698 819 2711 -
843 2663 980 2726 Fructus
993 2671 1076 2726 enim
1087 2663 1180 2728 lucis.
1197 2663 1294 2752 ]lllu-

298 2763 421 2841 murati,
440 2762 555 2847 inquit,
575 2762 706 2826 hominis
719 2761 835 2827 fructus
849 2770 897 2827 est
913 2763 1012 2827 omnis
1024 2764 1144 2828 bonitas
1158 2772 1191 2829 et
1200 2765 1295 2851 justi-

298 2863 360 2940 tia,
382 2870 415 2928 et
439 2863 577 2938 veritas;
600 2862 756 2947 praemisso
778 2883 890 2947 genere
912 2863 954 2927 ibi
974 2863 1078 2950 junxit
1105 2863 1238 2947 species,
1263 2875 1297 2930 et

295 2963 445 3050 justitiam
465 2987 472 3027 :
490 2964 614 3048 quidam
634 2965 665 3027 in
686 2963 827 3048 operibus
844 2963 1006 3045 veritatem
1026 2963 1154 3049 intelligi
1174 2964 1241 3028 vult
1261 2965 1294 3028 in

299 3064 532 3149 cogitationibus
542 3072 574 3130 et
583 3067 780 3130 sermonibus.
809 3101 851 3114 —
879 3062 1186 3150 Omnrbautemquoe
1197 3085 1297 3150 agrrn·

299 3175 361 3227 tar.
376 3163 388 3250 ]
402 3166 536 3230 Causam
548 3165 648 3230 reddit
661 3186 715 3230 cur
729 3164 852 3240 dixerit,
867 3171 972 3250 magis
984 3175 1087 3226 autem
1099 3162 1293 3249 redarguite.

300 3263 413 3328 Omnia
427 3266 507 3329 enim
521 3274 648 3350 peccata
667 3265 821 3329 hominum
842 3264 1125 3348 praedestinatorum
1141 3263 1181 3326 ad
1197 3262 1294 3326 vitam

299 3369 460 3439 aeternam,
479 3387 546 3448 quae
566 3373 699 3450 agimtur
716 3365 881 3443 alumine,
900 3365 931 3428 id
946 3371 1005 3440 est,
1022 3365 1135 3449 ajusto
1147 3361 1296 3445 spirituali

299 3461 438 3538 homine,
458 3462 645 3527 confessione
661 3462 898 3527 manifestantur
918 3483 926 3525 t
944 3484 1034 3526 omne
1050 3471 1153 3527 autem
1168 3461 1250 3545 quod
1263 3462 1295 3524 in

299 3549 485 3625 confessione
497 3560 727 3638 manifestatur,
745 3563 848 3626 lumen
863 3569 928 3636 est,
946 3562 978 3624 id
996 3571 1043 3624 est
1056 3614 1062 3636 ,
1076 3561 1150 3627 facit
1164 3583 1234 3626 eum
1248 3562 1295 3625 lu-

300 3681 380 3737 men,
399 3661 451 3744 qui
465 3660 709 3727 manifestantur.
726 3663 769 3727 Et
782 3671 865 3727 recte
880 3661 1005 3746 quidem
1016 3661 1131 3726 dictum
1144 3670 1203 3738 est,
1216 3661 1296 3726 sicut

299 3759 380 3822 enim
402 3760 536 3845 patratio
559 3761 681 3826 sceleris
703 3763 861 3837 tenebras,
879 3761 922 3825 sic
941 3762 1006 3847 ejus
1027 3760 1175 3825 confessio
1193 3761 1294 3825 lumen

298 3855 381 3922 facit.
409 3894 449 3907 —
474 3858 617 3923 Lavacro
637 3881 730 3947 aquoe
741 3867 774 3921 in
788 3859 899 3923 verbo.
913 3859 1072 3946 ]Verbum
1088 3868 1179 3925 vocat
1193 3861 1294 3944 prola·

299 3957 412 4021 tionem
427 3957 616 4034 divinitatis,
635 3978 704 4042 quae
717 3979 737 4021 a
752 3959 977 4043 baptizantibus
992 3979 1083 4042 super
1097 3981 1210 4043 aquam
1221 3981 1294 4044 pro-

274 4124 278 4131 ,
298 4055 404 4121 fertur.
433 4093 472 4105 —
501 4057 565 4143 Qui
578 4080 669 4121 suam
684 4080 815 4122 umorem
827 4057 944 4146 diligit.
962 4057 974 4145 ]
988 4059 1111 4124 Debent
1121 4080 1233 4124 uxores
1244 4059 1294 4124 di-

299 4157 404 4241 ligere,
417 4157 490 4241 quia
498 4159 614 4242 seipsos
625 4159 658 4245 (a
668 4165 734 4222 toto
743 4157 763 4242 l,
778 4159 810 4222 id
821 4166 879 4235 est,
894 4180 1016 4224 carnem
1027 4181 1114 4223 suam
1130 4183 1136 4222 :
1150 4180 1222 4223 nam
1234 4180 1295 4223 non

300 4257 530 4323 debenthabere
542 4257 764 4344 (econtrario).
773 4260 875 4324 Nemo
886 4259 978 4334 enirn,
992 4266 1063 4336 etc,
1076 4281 1092 4323 a
1103 4281 1224 4344 genere.
1253 4295 1292 4307 -
