3184 5442
552 726 758 769 ELUCIDARIUM
782 728 850 769 SIVE
875 729 1032 770 DIALOGUS.
1229 712 1294 775 223

340 873 383 936 D.
410 871 513 950 Quare
529 876 667 932 mortuus
681 869 745 934 estl
764 904 808 916 —
824 870 870 932 M.
885 870 1015 952 Propter
1031 872 1246 952 obedientiam,
1260 884 1295 940 ut

296 972 406 1035 dicitur
421 991 429 1032 :
447 999 459 1022 u
474 971 590 1034 Factus
601 976 650 1033 est
663 969 808 1032 obediens
819 969 900 1051 patri
914 989 1012 1052 usque
1026 971 1067 1032 ad
1075 981 1217 1036 mortem.

339 1071 383 1134 D.
400 1069 509 1154 Exigit
522 1070 561 1132 ab
576 1075 752 1132 eomortem
768 1067 880 1132 Pater!
891 1070 990 1133 -M.
1008 1069 1148 1134 Minime.

339 1171 381 1234 D.
408 1169 471 1234 Cur
485 1169 659 1234 occiderunt
680 1190 751 1231 eum
771 1169 889 1232 Judaeil
907 1171 978 1234 Hoc
991 1171 1061 1234 volo
1082 1180 1148 1236 ate
1167 1173 1289 1237 audiret

298 1270 393 1334 -M.
401 1269 483 1348 Quia
494 1269 644 1355 justitiam
653 1269 795 1344 vivendo,
805 1270 1002 1334 etveritatem
1013 1271 1158 1346 docendo,
1166 1272 1291 1338 indecli-

294 1369 438 1433 nabiliter
459 1368 576 1442 tenuit;
600 1368 680 1432 hanc
704 1368 907 1432 obedientiam
933 1370 1109 1435 humanitas
1127 1371 1293 1438 Divinitati

295 1468 412 1543 debuit,
427 1468 506 1532 hanc
518 1469 605 1532 Deus
615 1468 654 1532 ab
672 1468 755 1532 omni
765 1468 905 1533 rationali
916 1469 1014 1555 exigit
1022 1479 1172 1535 creatura.

339 1568 380 1632 D.
408 1569 486 1647 Quis
505 1588 640 1651 unquam
659 1576 748 1651 pater
766 1567 889 1631 unicum
910 1577 942 1631 et
957 1570 1071 1632 bonurn
1084 1570 1179 1633 filium
1197 1573 1293 1636 occidi

294 1669 469 1750 permittat,
489 1667 515 1730 si
536 1668 696 1751 prohibere
708 1668 817 1749 queatl
828 1704 871 1716 -
883 1669 928 1732 M.
943 1667 1023 1732 Cum
1040 1670 1128 1734 Deus
1141 1671 1220 1735 vidit
1235 1673 1291 1736 Fi-

238 1840 242 1846 ,
295 1767 367 1831 lium
383 1789 472 1831 suum
483 1776 548 1831 tam
562 1769 717 1851 egregium
729 1787 808 1849 opus
822 1766 911 1842 velle,
925 1767 1040 1831 scilicet
1054 1789 1169 1833 saevum
1184 1777 1291 1855 tyran·

263 1860 266 1865 ’
294 1888 368 1930 num
379 1888 567 1953 expugnare,
585 1875 617 1930 et
627 1865 783 1950 captivum
793 1866 1016 1930 abeoliberare
1026 1891 1033 1941 ;
1052 1870 1092 1931 ad
1106 1877 1170 1933 tam
1184 1869 1291 1935 lauda-

293 1967 354 2030 bile
364 1988 441 2050 opus
454 1967 483 2030 ai
495 1966 657 2040 consensit,
674 1973 706 2030 et
718 1986 787 2029 eum
803 1965 881 2029 mori
892 1966 1043 2048 permisit.

338 2067 383 2130 D.
408 2067 571 2145 Quomodo
580 2068 662 2149 apud
671 2065 971 2152 Deumjustumfuit,
984 2067 1067 2150 quod
1078 2068 1228 2151 optimum
1237 2091 1292 2154 pro

294 2167 390 2250 impio
406 2167 509 2231 deditt
523 2202 566 2216 -
580 2168 628 2232 M.
642 2166 724 2245 Quia
736 2167 889 2249 pessimus
900 2166 1067 2250 simplicem
1079 2167 1235 2233 bominem
1247 2191 1293 2234 se-

294 2267 438 2340 duxerat;
458 2268 574 2354 justum
596 2272 662 2330 erat
678 2274 714 2329 ut
734 2265 869 2349 optimus
891 2287 948 2348 pro
962 2288 998 2330 eo
1019 2268 1108 2331 obses
1123 2269 1226 2345 fieret,
1240 2271 1291 2354 qui

293 2364 461 2447 pesnmum
472 2364 653 2437 revinceret,
667 2371 699 2427 et
710 2363 901 2427 innocentem
913 2363 1049 2446 pristinae
1058 2363 1191 2429 libertati
1200 2367 1292 2430 resti-

293 2472 407 2529 tueret.
422 2465 486 2529 Sed
505 2463 611 2528 attali
632 2464 723 2526 modo
744 2464 924 2541 charitatem
946 2485 1034 2528 suam
1051 2465 1139 2530 Deus
1157 2467 1292 2532 ostendit

294 2565 423 2639 mundo,
435 2571 471 2627 ut
486 2563 617 2628 dicitur:
634 2593 646 2616 «
668 2563 714 2627 Ut
730 2583 853 2627 servum
869 2564 1048 2639 redimeres,
1060 2565 1173 2629 Filium
1192 2567 1288 2630 tradi-

295 2661 376 2726 distiL

338 2763 380 2827 D.
398 2763 433 2826 Si
445 2760 540 2827 Pater
551 2763 678 2827 tradidit
691 2763 819 2837 Filium,
838 2773 874 2827 ut
895 2764 1024 2828 dicitur:
1041 2793 1054 2814 u
1073 2763 1200 2845 Proprio
1213 2763 1289 2826 Filio

294 2882 350 2925 suo
367 2883 428 2924 non
441 2862 593 2946 pepercit,
608 2863 663 2928 sed
674 2884 731 2946 pro
740 2863 830 2927 nobis
841 2863 981 2927 omnibus
997 2861 1124 2927 tradidit
1137 2861 1245 2924 illum:
1261 2871 1293 2925 et

295 2961 429 3026 siFilius
441 2962 576 3046 seipsum
592 2961 728 3037 tradidit,
743 2971 778 3026 ut
791 2961 901 3025 dicitur
916 2985 922 3024 :
943 2992 956 3013 κ
975 2960 1035 3039 Qui
1050 2960 1177 3024 tradidit
1188 2982 1288 3024 seme-

295 3062 409 3146 tipsum
418 3082 475 3145 pro
486 3061 595 3125 nobis:
612 3094 624 3116 „
641 3061 714 3145 quid
724 3061 864 3145 peccavit
873 3062 983 3136 Judas,
999 3059 1051 3144 qui
1062 3060 1155 3123 etiam
1167 3061 1292 3124 tradidit

294 3162 394 3227 illumi
408 3198 448 3212 -
458 3163 506 3226 M.
518 3163 613 3227 Pater
622 3163 749 3226 tradidit
757 3161 882 3236 Filium,
894 3168 924 3225 et
938 3161 1035 3225 Filius
1049 3160 1183 3243 seipsum
1196 3181 1290 3244 prop-

293 3270 342 3326 ter
355 3262 534 3326 charitatem
549 3283 557 3324 τ
574 3262 673 3325 Judas
687 3282 762 3325 vero
775 3268 901 3345 propter
915 3260 1087 3324 avaritiam.

251 3392 258 3400 ·
337 3362 381 3426 D.
398 3361 501 3440 Quare
515 3361 611 3425 voluit
626 3361 703 3423 mori
717 3361 865 3446 inlignot
885 3397 925 3409 -
942 3361 987 3423 M.
1006 3360 1052 3423 Ut
1064 3379 1151 3435 eum,
1171 3360 1223 3443 qui
1236 3381 1292 3443 per

293 3448 410 3547 lignum
420 3460 505 3536 vicit,
520 3460 709 3524 revinceret:
725 3469 757 3524 et
767 3460 864 3534 illum,
878 3459 930 3544 qui
942 3460 973 3523 in
985 3459 1066 3543 ligno
1076 3459 1197 3536 cecidit,
1209 3461 1290 3525 redi-

295 3570 402 3625 maret.

338 3660 381 3723 D.
405 3657 468 3724 Cur
481 3659 512 3722 in
528 3657 633 3722 crocet
653 3693 696 3706 -
716 3658 763 3721 M.
781 3660 827 3723 Ut
845 3659 1048 3742 quadrifidum
1066 3660 1212 3723 mundum
1227 3661 1288 3723 sal·

297 3767 395 3823 varet.

338 3859 381 3923 D.
407 3859 613 3937 Quamobrem
625 3859 764 3942 permisit
773 3857 829 3922 sibi
840 3858 973 3940 quinque
981 3859 1108 3921 vulnera
1117 3855 1232 3941 infligit
1248 3893 1288 3906 -

293 3957 340 4020 M.
353 3958 399 4021 Ut
411 3958 574 4023 redimeret
587 3958 712 4022 humani
729 3957 850 4043 generis
865 3959 997 4040 quinque
1013 3977 1119 4021 sensus
1134 3977 1154 4020 a
1171 3954 1290 4018 diabolo

293 4056 445 4139 captivos.

339 4156 380 4219 D.
397 4157 501 4220 Valuit
520 4178 603 4220 mors
621 4158 686 4241 ejus
704 4158 744 4219 ad
763 4156 971 4220 exhaurienda
991 4153 1285 4237 omniumpecoatat

296 4291 336 4303 -
349 4255 396 4319 M.
411 4254 615 4320 Transcendit
629 4255 721 4319 etiam
736 4255 863 4319 infinite.
