3184 5442
396 683 483 725 ursan
509 685 548 726 nu
570 685 705 725 consona
728 685 765 727 ur
789 686 878 726 SANG.
904 687 1023 727 nouum.
1142 669 1205 731 187

215 821 273 884 Dei
287 873 294 897 ,
308 844 374 906 quae
390 845 499 908 corpus
512 832 559 887 est
568 823 703 900 Christi,
718 846 773 889 nec
789 835 857 889 rata
871 833 942 890 sunt
957 829 1142 906 sacerdotia,
1155 851 1211 894 nec

215 942 288 986 vera
302 923 464 998 sacrificia,
477 924 535 987 nisi
555 923 587 986 in
600 932 711 988 nostrae
725 925 1041 1009 proprietate-natura
1054 949 1144 991 verus
1155 950 1212 992 nos

215 1022 362 1086 Pontifex
377 1024 560 1098 reconciliet,
579 1045 669 1088 verus
682 1025 871 1090 immaculati
885 1026 957 1110 agni
971 1027 1094 1111 sanguis
1104 1050 1210 1092 emun-

216 1123 354 1210 det.·Qui
374 1124 446 1188 licet
458 1126 490 1187 in
512 1124 615 1188 Patris
632 1125 672 1189 sit
691 1127 818 1189 dextera
829 1126 1014 1190 constitutus
1029 1178 1035 1201 ,
1051 1127 1082 1188 in
1105 1129 1211 1192 eadem

217 1228 320 1286 tamen
345 1244 460 1300 came,
492 1246 585 1308 quam
616 1226 745 1309 sumpsit
769 1248 806 1290 ex
832 1225 961 1310 Virgine
987 1235 1210 1291 sacramentum

216 1322 440 1405 propitiationis
465 1325 638 1409 exequitur.
665 1327 774 1389 »Item
796 1327 827 1388 in
850 1347 989 1389 sermone
1008 1327 1047 1389 de
1071 1327 1213 1409 passione

215 1423 356 1486 Domini:
380 1454 393 1475 u
415 1424 538 1489 Fefellit
552 1447 624 1509 ergo
640 1425 723 1488 illum
740 1425 914 1511 malignitas
931 1447 1003 1499 sua,
1023 1426 1126 1491 intulit
1137 1448 1211 1510 sup·

215 1522 338 1605 plicium
359 1523 421 1587 filio
432 1525 510 1600 Dei,
526 1525 608 1608 quod
622 1525 739 1589 cunctis
750 1525 820 1589 filiis
831 1526 986 1589 hominum
1000 1526 1032 1588 in
1046 1527 1212 1589 remedium

217 1629 397 1686 verteretur.
425 1624 518 1688 Fudit
543 1625 721 1709 sanguinem
743 1627 884 1711 justum,
912 1628 965 1708 qui
995 1627 1213 1696 reconciliando

217 1722 329 1784 mundo
350 1731 381 1786 et
403 1725 559 1806 praemium
581 1733 663 1790 esset
680 1733 712 1789 et
731 1726 885 1808 poculum.
909 1757 921 1778 n
940 1724 975 1789 S.
998 1721 1167 1810 Gregorius
1181 1726 1212 1788 in

216 1820 341 1885 homilia
363 1823 524 1889 Paschali:
545 1856 557 1877 u
580 1826 663 1903 Quid
688 1847 821 1909 namque
836 1826 876 1890 sit
896 1825 1019 1909 sanguis
1031 1825 1117 1910 Agni
1131 1877 1138 1900 ,
1153 1847 1212 1888 non

213 1921 279 2006 jam
300 1923 470 1997 audiendo,
497 1926 550 1988 sed
575 1926 705 1989 bibendo
725 1924 884 1988 didicistis.
903 1925 964 2002 Qui
979 1924 1103 2008 sanguis
1123 1946 1214 2009 super

217 2027 381 2106 utrumque
390 2035 511 2108 postem
523 2027 656 2110 ponitur,
676 2027 799 2109 quando
813 2047 873 2088 non
887 2025 984 2088 solum
997 2045 1048 2088 ore
1060 2026 1210 2108 corporiS,

219 2121 275 2183 sed
285 2122 379 2187 etiam
389 2145 440 2188 ore
452 2127 552 2190 cordis
566 2126 713 2190 hauritur.

262 2221 498 2289 Hisdivinorum
506 2226 693 2311 eloquiorum
701 2225 894 2298 testimoniis,
907 2244 1018 2307 quaeex
1025 2223 1129 2287 multis
1135 2245 1215 2287 com-

219 2323 320 2405 pendii
330 2345 433 2400 causa,
452 2347 551 2409 pauca
565 2326 715 2410 excerpsi,
731 2326 822 2402 clare,
835 2332 871 2389 ut
881 2325 1022 2399 arbitror,
1039 2323 1211 2398 innotescit,

219 2424 301 2504 quod
310 2446 383 2490 vera
392 2426 506 2492 Christi
514 2449 595 2508 caro,
604 2450 754 2512 verusque
762 2430 827 2514 ejus
836 2426 1111 2512 sanguisinmensa
1120 2426 1216 2488 domi-

219 2523 288 2587 nica
300 2523 484 2604 immoletur,
494 2529 681 2603 comedatur,
691 2529 823 2600 bibatur,
833 2525 1040 2609 corporaliter,
1054 2526 1216 2609 spirituali·

219 2631 277 2698 ter,
290 2624 641 2711 incomprehensibiliter.
653 2630 696 2692 Et
706 2650 746 2692 ne
762 2628 831 2711 quis
839 2648 1012 2711 perversus,
1031 2634 1125 2709 atque
1149 2647 1216 2708 per-

219 2743 325 2789 versor
333 2728 422 2792 aliter
431 2749 468 2791 ea
478 2729 672 2814 intelligeret,
680 2730 729 2792 vel
741 2736 919 2813 exponeret,
930 2748 1023 2811 quam
1036 2726 1216 2789 universalis

222 2823 367 2889 Ecclesia
392 2827 565 2911 spirituales
590 2829 642 2892 filii
668 2829 861 2912 intelligunt,
885 2833 918 2889 et
939 2831 1111 2908 exponunt;
1134 2821 1217 2886 lacta

223 2931 294 2988 sunt
305 2931 367 2988 tam
387 2927 537 3010 antiquis,
556 2949 649 3012 quam
673 2928 828 2992 modernis
841 2925 1030 3008 temporibus
1043 2924 1073 2986 in
1089 2922 1217 2985 diversis

223 3024 367 3090 Ecclesiis
385 3026 455 3092 huic
469 3027 539 3091 fidei
560 3049 694 3113 congrua
709 3027 865 3099 miracula,
884 3025 1026 3108 quando,
1044 3029 1076 3086 et
1097 3021 1167 3097 ubi,
1185 3031 1217 3086 et

223 3124 331 3207 quibus
342 3133 463 3191 tantum
475 3136 625 3194 secretum
640 3129 848 3191 demonstrare
862 3125 958 3189 voluit
968 3130 1081 3187 aetema
1093 3121 1216 3204 sapien-

221 3224 284 3298 tia,
299 3227 347 3290 cui
361 3228 443 3294 nulla
455 3235 526 3292 sunt
539 3250 600 3292 uon
611 3228 781 3312 possibilia,
798 3226 952 3310 attingens
963 3246 982 3288 a
995 3225 1054 3287 fine
1067 3242 1164 3305 usque
1178 3223 1217 3286 ad

223 3326 332 3402 finem,
352 3335 384 3392 et
403 3327 533 3404 fortiter,
552 3336 646 3414 atquc
667 3328 801 3392 suaviter
823 3327 986 3411 disponens
1009 3324 1121 3387 omnia.
1140 3324 1217 3403 Qum

223 3426 368 3492 miracula
385 3426 467 3494 facta
481 3451 549 3493 esse
562 3429 683 3513 ignorat
695 3430 795 3493 nullus
808 3426 946 3511 quisquis
959 3426 990 3490 in
1006 3424 1218 3490 ecclesiasticis

224 3524 367 3600 historiis,
376 3548 430 3592 seu
444 3536 616 3592 sanctorum
625 3530 751 3593 Petrum
761 3527 857 3613 gestis
869 3534 916 3590 est
924 3526 1142 3609 aliquantulum
1154 3533 1218 3588 stu·

224 3624 1218 3713 diosus.Quaeseripturaetamersiillamexcelsissimamauctoriu-

225 3725 265 3788 tis
278 3747 378 3792 arcem
390 3750 449 3792 non
462 3731 609 3803 obtinent,
625 3751 685 3814 qua
697 3731 817 3794 donata
828 3736 910 3797 sunt.
922 3749 999 3811 quas
1008 3725 1214 3809 propheticas,

224 3846 278 3888 seu
288 3829 470 3911 apostolicas
479 3851 689 3913 nuncupamus
703 3882 709 3904 ‚
722 3831 778 3893 hoc
790 3836 892 3893 tamen
904 3829 1032 3911 probare
1042 3824 1195 3889 sufficiunt
1207 3876 1214 3896 ,

223 3927 305 4006 quod
330 3931 410 3992 hanc
429 3929 539 4003 iidem,
563 3950 657 4012 quam
679 3950 758 3993 nunc
780 3929 944 4000 habemus,
963 3947 1069 3990 omnes
1094 3924 1214 3996 fideles,

224 4025 276 4106 qui
290 4047 346 4091 nos
357 4037 577 4110 precesserunt
587 4053 604 4092 a
616 4029 722 4113 priscis
736 4030 924 4112 temporibus
934 4028 1113 4090 habuerunt.
1129 4023 1218 4089 Alio-

223 4125 295 4207 quin
324 4149 392 4191 cum
413 4129 443 4191 in
470 4130 600 4194 decretis
624 4130 832 4193 Romanorum
858 4127 1040 4192 Pontificum
1065 4125 1218 4206 sacrisque

224 4227 388 4291 canonibus
404 4231 586 4314 apocryphae
604 4229 760 4311 scripturae
774 4227 952 4292 nominatim
965 4228 1116 4288 damnata
1127 4232 1214 4297 sunt,
