3184 5442
487 696 604 737 aiossm
629 696 661 737 nu
686 696 734 737 aa.
760 696 802 737 aa
827 695 971 738 centurn.
1183 680 1225 741 43

231 861 269 922 de
282 859 356 942 ipsis
370 858 487 921 artibus
500 867 652 942 praecepta
670 860 789 923 dantes.
808 858 1036 942 conquisitores
1049 866 1120 923 sunt
1133 879 1225 941 argu-

231 966 416 1023 mentatores
430 979 469 1035 ex
485 959 644 1042 praeceptis
654 960 788 1044 ipsorum
798 958 911 1023 artium
923 958 1037 1041 aliquid
1052 961 1225 1041 approban-

230 1068 289 1124 tes.
320 1058 452 1142 Sapiens
484 1059 625 1141 generale
656 1061 813 1143 utriusque
845 1060 1026 1124 vocabulum
1059 1070 1117 1123 est.
1156 1060 1226 1123 Hos

230 1159 414 1224 adnihilatos
429 1179 496 1223 esse
518 1159 658 1241 perhibet
670 1180 730 1223 non
744 1159 817 1243 quia
838 1160 993 1224 doctrinas
1012 1180 1117 1222 eorum
1132 1162 1227 1223 omni-

229 1259 337 1324 fariam
351 1259 523 1342 improbet:
537 1259 569 1322 in
583 1260 688 1324 multis
699 1260 780 1324 enim
802 1259 895 1324 saeris
905 1259 1015 1323 litteris
1025 1260 1222 1333 eoncordant;

230 1361 285 1423 sed
300 1360 442 1444 quaedam
456 1367 619 1424 senserunt
633 1369 665 1424 et
687 1361 871 1444 seripserunt
886 1359 1227 1424 contraria-christiana

231 1459 381 1545 religioni,
401 1459 535 1522 maxime
550 1460 587 1521 de
607 1461 725 1524 cultura
743 1460 834 1523 unius
851 1459 921 1524 Dei.
950 1496 990 1508 -
1015 1460 1143 1523 Placuit
1161 1461 1227 1522 Deo

227 1582 290 1644 per
300 1559 478 1633 stultitiam,
493 1571 553 1622 eto.
571 1558 582 1645 ]
596 1561 669 1623 Non
681 1560 712 1623 in
723 1559 874 1642 sapientia
884 1561 969 1623 verbi
982 1560 1124 1642 praedioo.
1136 1561 1227 1639 Quod

233 1661 359 1742 probat;
378 1660 450 1742 quia
464 1681 518 1742 per
538 1660 701 1725 stultitiam
715 1660 831 1743 placuit
843 1661 912 1723 Deo
926 1661 1028 1724 salvos
1046 1660 1145 1726 facere
1160 1683 1227 1725 ere·

233 1759 343 1822 dentes
356 1782 362 1820 :
375 1769 406 1821 et
420 1759 475 1822 hoc
488 1761 609 1842 probat,
629 1759 703 1844 quia
725 1759 875 1842 sapientia
890 1760 994 1822 mundi
1018 1781 1079 1823 non
1100 1760 1223 1843 placuit,

235 1859 317 1942 quod
342 1868 389 1922 est
407 1858 439 1921 in
450 1859 510 1923 Dei
529 1859 690 1942 sapientia,
709 1880 770 1922 non
792 1859 935 1940 cognovit
954 1861 1084 1923 mundus
1104 1881 1159 1943 per
1177 1883 1228 1925 sa-

234 1957 381 2040 pientiam
390 1959 503 2022 Deum.
531 1995 571 2008 -
595 1957 1229 2045 sudaei]Judaeiseandalizabanturzquia

231 2057 617 2140 regemsuumorueifixisse
625 2059 815 2123 dicebantur.
845 2093 884 2105 -
913 2056 1229 2142 Quodstaltrrraert.l

232 2157 402 2221 lneamatio
412 2165 443 2221 et
450 2157 623 2223 PassioDei
635 2168 667 2222 et
674 2157 804 2222 hominis
814 2158 891 2220 Jesu
902 2155 1028 2232 Christi,
1050 2178 1118 2242 quae
1130 2159 1231 2244 hujus

232 2256 313 2319 modi
329 2254 518 2340 sapientibus
527 2257 671 2332 ,stultitia
680 2257 877 2331 videbantur3
891 2259 1037 2343 majorem
1051 2257 1230 2341 sapientiam

231 2355 386 2420 continent
395 2407 402 2430 ,
412 2376 506 2439 quam
512 2355 652 2420 homines
660 2357 778 2440 possint
792 2356 959 2439 inquirere:
969 2367 1001 2421 et
1011 2359 1156 2444 majorem
1167 2356 1229 2422 for-

233 2455 395 2519 titudinem
402 2454 532 2530 habent,
546 2475 640 2538 quam
650 2457 789 2520 homines
798 2465 924 2539 possent
934 2457 1058 2521 habere.
1069 2459 1129 2522 Per
1137 2459 1229 2522 fidem

232 2556 311 2618 enim
325 2566 431 2619 eorum
438 2562 469 2619 et
475 2563 602 2637 peecata
609 2555 815 2632 remittuntur,
824 2566 854 2620 et
864 2557 1016 2620 daemones
1025 2558 1226 2640 expelluntur,

219 2657 425 2737 ‚etaliamum
435 2655 825 2740 resurgitmiraeulaliunt.
845 2693 885 2705 -
906 2656 1002 2743 Quod
1009 2658 1137 2721 stultum
1149 2658 1229 2744 aaa]

232 2756 346 2821 Probat
361 2755 518 2820 Christum
543 2755 725 2841 sapientiam
750 2778 829 2830 esse,
848 2758 920 2841 quia
938 2758 1032 2822 etiam
1052 2758 1083 2821 in
1103 2759 1161 2824 hoe
1184 2781 1232 2823 sa·

232 2854 347 2937 pientia
355 2863 415 2933 est,
428 2855 510 2938 quod
520 2854 640 2919 videtur
651 2857 778 2920 stultum
797 2857 836 2919 de
847 2878 884 2920 eo
896 2880 903 2931 ;
917 2865 949 2922 et
965 2864 1053 2921 tanta
1064 2858 1225 2941 sapientia,

234 2956 315 3038 quod
343 2963 477 3039 nequeat
498 2955 710 3038 comprehendi
736 2958 775 3020 ab
790 2957 930 3020 omnibus
950 2959 1031 3039 quod
1046 2965 1094 3020 est
1113 2959 1231 3041 sapien-

234 3055 293 3119 tius
306 3055 486 3119 hominibus.
501 3055 579 3120 Post
598 3077 672 3121 vero
694 3059 804 3140 probat
815 3055 972 3120 Christum
988 3058 1133 3119 virtutem
1148 3076 1226 3130 esse,

234 3155 305 3238 quia
314 3155 410 3219 inhoe
425 3155 507 3238 quod
518 3155 670 3219 infirmum
685 3155 808 3219 videtur
820 3156 859 3217 de
870 3174 918 3228 eo,
936 3153 967 3216 in
982 3153 1039 3217 hoc
1050 3153 1149 3218 virtus
1163 3162 1227 3226 est,

234 3264 265 3318 et
275 3263 363 3319 tanta
373 3255 482 3328 virtus,
497 3256 579 3338 quod
589 3254 696 3319 lortius
709 3263 757 3318 est
769 3253 954 3330 bominibus,
971 3254 1005 3317 id
1024 3263 1086 3325 est,
1099 3264 1232 3338 nequeat

235 3357 273 3419 ab
287 3355 346 3419 illis
356 3355 573 3437 comprehendi
587 3379 593 3418 ε
607 3357 664 3420 hoe
678 3357 806 3421 stultum
820 3365 852 3418 et
865 3354 1027 3431 infirmum,
1046 3355 1228 3432 Inearnatio,

235 3464 266 3518 et
279 3454 385 3519 Passio
396 3452 520 3528 Christi,
539 3455 648 3538 quibus
668 3463 757 3521 tanta
775 3454 926 3538 sapientia
946 3463 978 3520 et
997 3455 1094 3520 virtus
1115 3464 1179 3532 est,
1197 3468 1232 3521 ut

234 3554 389 3618 evincatur
399 3553 552 3629 diabolus,
565 3562 597 3618 et
607 3556 772 3619 redimatur
781 3556 945 3620 humanum
958 3577 1065 3640 genus.
1093 3593 1133 3606 -
1157 3555 1231 3620 Noa

234 3652 324 3716 raaltr'
333 3661 505 3739 sapientes.
520 3653 532 3739 ]
547 3655 694 3721 Fortasse
708 3663 833 3740 propter
844 3656 961 3721 sedicit
975 3658 1048 3731 hoe;
1064 3657 1136 3740 quia
1149 3657 1232 3721 solus

234 3753 313 3817 inter
323 3752 399 3816 alios
413 3752 592 3836 Apostolos,
608 3755 791 3820 scholarium
807 3756 978 3820 litterarum
991 3756 1119 3840 peritus,
1133 3764 1231 3820 terre-

233 3872 341 3915 narum
356 3873 448 3936 opum
463 3852 567 3930 dives,
584 3854 732 3919 Romanae
754 3855 911 3945 dignitatis
936 3856 1092 3938 parentela
1115 3857 1233 3939 conspi-

235 3971 307 4014 cuus
316 3949 390 4026 fitia
404 3952 483 4017 siout
494 3959 625 4019 testatur
636 3955 703 4037 ipse
715 3955 746 4018 in
758 3955 889 4021 Actibus
900 3955 1121 4038 Apostolorum
1137 3977 1143 4015 :
1161 3955 1232 4040 Ego

234 4050 357 4134 quidem
369 4050 460 4113 borno
473 4074 543 4114 surra
554 4054 696 4128 Iudaeus,
713 4078 734 4116 a
756 4053 879 4117 Tharsa
900 4052 1021 4117 Ciliciae
1040 4077 1103 4115 non
1116 4062 1233 4140 ignotoe

235 4157 372 4213 civitatis
387 4159 560 4238 rnarrr'eeps.
573 4156 616 4218 Et
627 4153 698 4218 alibi
710 4154 909 4239 interroganti
918 4155 1039 4218 tribuna
1052 4161 1153 4218 utrum
1165 4154 1231 4217 Ro·
1289 4210 1291 4215 s

236 4271 343 4316 manus
366 4261 447 4316 esset
457 4275 464 4326 ;
484 4255 639 4335 respondit
657 4278 662 4317 :
678 4256 798 4317 Etiam.
818 4255 861 4316 Et
878 4253 1019 4317 triburam
1036 4278 1046 4314 .·
1060 4255 1132 4338 Ego
1152 4254 1231 4315 nad-
