3184 5442
549 697 755 740 eructuantem
779 697 847 740 sive
869 700 1025 741 nrncocrs.
1082 688 1090 701 “
1219 686 1281 746 271

294 849 418 920 cuntur,
438 841 490 923 qui
507 833 610 902 tamen
626 859 732 902 omnes
749 840 780 900 in
799 839 874 903 libro
892 840 952 902 Dei
969 841 1158 918 scribuntur,
1176 851 1210 907 ut
1224 847 1286 907 sint

294 941 465 1028 conjugati,
487 940 540 1022 qui
560 939 672 1003 mortui
693 960 748 1022 pro
764 939 881 1002 meritis
895 940 927 1002 in
942 940 1154 1006 amoenissimis
1170 943 1287 1010 habita·

294 1040 370 1108 culis
393 1041 587 1124 recipientur.
601 1043 653 1103 Ex
673 1041 721 1102 his
737 1040 824 1102 multi
840 1046 911 1103 ante
929 1039 1008 1102 diem
1030 1041 1135 1126 judicii
1148 1045 1287 1126 precibus

293 1145 473 1207 Sanctorum
495 1147 526 1203 et
546 1139 747 1224 eleemosynis
767 1126 938 1202 viventium
951 1139 981 1201 in
1001 1142 1146 1225 majorem
1159 1145 1286 1226 gloriam

294 1249 505 1306 assumentur:
525 1248 561 1303 ut
575 1260 681 1327 omnes
689 1246 760 1322 post
768 1238 914 1324 judicium
924 1240 1053 1323 Angelis
1064 1243 1281 1308 consocientur.

293 1346 373 1408 Sunt
386 1342 510 1425 quidam
532 1341 570 1403 de
590 1339 712 1413 electis,
732 1338 841 1421 quibus
861 1339 990 1402 multum
1011 1339 1098 1403 deest
1116 1343 1154 1404 de
1167 1344 1285 1426 perlec-

222 1513 224 1517 .
294 1444 390 1516 tione,
410 1443 462 1523 qui
474 1440 600 1505 crimina
613 1459 668 1501 sua
683 1437 825 1502 differunt
834 1439 984 1521 poenitere
1000 1465 1004 1501 :
1025 1439 1055 1500 hi
1067 1440 1144 1505 sicut
1158 1464 1287 1525 peccans

293 1543 372 1606 filius
388 1561 477 1604 servo
498 1538 628 1602 traditur
650 1538 690 1600 ad
703 1538 921 1621 vapulandum,
940 1539 984 1600 ita
997 1560 1017 1602 a
1030 1541 1142 1604 sanctis
1158 1544 1288 1628 Angelis

293 1641 510 1726 permittuntur
532 1637 719 1701 daemonibus
743 1639 782 1701 ad
807 1638 1020 1722 purgandum:
1044 1639 1096 1720 qui
1118 1646 1220 1705 tamen
1242 1646 1286 1708 eis

294 1761 403 1806 nocere
413 1760 473 1803 non
481 1743 624 1822 poterunt
632 1737 701 1820 plus
711 1757 802 1820 quam
813 1737 873 1820 ipsi
883 1746 1121 1820 promeruerunt,
1132 1749 1185 1806 aut
1193 1764 1285 1824 quarn

296 1841 395 1907 sancti
405 1839 518 1924 Angeli
530 1838 721 1921 permittunt.

339 1945 382 2007 D.
408 1941 476 2006 Scis
488 1961 542 2024 per
556 1941 640 2023 quod
653 1938 684 2001 hi
699 1938 879 2000 liberenturl
898 1974 938 1986 -
955 1939 1001 2000 M.
1019 1940 1143 2018 Missae,
1158 1943 1288 2006 eleem0.

296 2064 402 2129 syna,
422 2041 595 2116 orationes,
613 2039 725 2122 aliique
735 2037 777 2120 pii
794 2038 912 2100 labores
931 2037 979 2100 his
993 2048 1140 2121 prosrmt3
1160 2044 1292 2106 maxime

297 2165 323 2206 s1
344 2142 402 2225 ipsi
419 2141 558 2205 viventes
577 2140 641 2202 haec
662 2159 717 2221 pro
732 2137 800 2200 aliis
822 2136 966 2201 lecenmt.
987 2140 1029 2201 Et
1049 2140 1173 2222 quidam
1192 2163 1232 2204 ex
1245 2143 1292 2206 his

297 2242 428 2326 septimo
447 2240 519 2314 die,
543 2238 595 2302 alii
618 2236 789 2321 trigesimo,
809 2235 859 2298 alii
884 2237 1087 2301 anniversario
1106 2239 1290 2305 liberantur:

298 2343 423 2425 quidam
446 2359 519 2402 vere
539 2345 611 2420 post
630 2335 759 2399 multum
778 2343 910 2418 tempus.
928 2335 1044 2399 Tamen
1067 2345 1136 2420 post
1147 2340 1293 2424 judicium

298 2460 403 2503 omnes
417 2491 423 2513 ,
442 2445 476 2500 ut
489 2437 603 2501 dictum
616 2444 678 2499 est:
694 2434 825 2520 Angelis
836 2436 1082 2516 coaequabuntur.

342 2539 385 2601 D.
410 2536 475 2601 Cur
497 2522 595 2620 magis
614 2542 747 2619 aguntur
764 2534 795 2597 hi
813 2533 953 2596 diest-
966 2535 1013 2598 M.
1031 2536 1104 2600 Tria
1119 2546 1149 2601 et
1165 2548 1295 2622 quatuor

300 2646 371 2701 sunt
385 2643 502 2720 septem
517 2633 594 2718 :per
609 2634 685 2708 tria,
703 2634 779 2697 fides
793 2632 951 2695 Trinitatis
964 2657 972 2706 ;
983 2653 1039 2715 per
1049 2644 1190 2717 quatuor,
1205 2640 1296 2704 homo
1390 2668 1393 2683 ,

301 2737 352 2819 qui
362 2742 481 2800 constat
495 2755 535 2796 ex
547 2740 676 2816 quatuor
690 2731 876 2804 eleementis,
884 2731 1073 2816 intelligitur.
1081 2735 1196 2800 Anima
1203 2740 1295 2803 etiam

302 2836 395 2899 habet
404 2840 467 2897 tres
475 2832 567 2906 vires,
580 2852 647 2915 quae
661 2837 732 2894 sunt
743 2828 910 2902 rationalis,
923 2829 1097 2905 irascibilis,
1109 2837 1294 2919 concupisci-

301 2934 385 3006 bilis;
395 2939 426 2996 et
436 2952 525 2996 omne
537 2938 658 3014 tempus
667 2936 785 3012 septem
795 2927 903 2990 diebus
914 2928 1056 2991 volvitur.
1065 2930 1179 3014 Agitur
1192 2934 1295 3019 itaque

302 3034 450 3117 septimus
468 3031 548 3105 dice,
565 3036 600 3093 ut
611 3029 755 3113 quicquid
771 3027 873 3091 anima
888 3027 918 3089 iu
935 3027 1030 3091 tribus
1042 3029 1155 3094 viribus
1166 3034 1229 3096 suis
1240 3057 1296 3119 per

302 3130 432 3216 quatuor
446 3129 610 3214 qualitates
621 3128 772 3212 corporiS,
791 3148 846 3210 per
858 3134 977 3210 septem
989 3127 1054 3190 dies
1069 3128 1159 3215 hujus
1174 3139 1293 3215 tempo-

303 3232 344 3295 ris
354 3230 492 3314 pecoavit
503 3236 608 3294 contm
617 3226 825 3311 septiformem
836 3225 987 3309 spiritum,
997 3247 1088 3309 quem
1100 3228 1131 3290 in
1142 3231 1294 3314 baptismo

302 3330 452 3415 suscepit,
466 3329 497 3391 in
516 3329 575 3390 fide
591 3322 749 3391 Trinitatis
771 3325 937 3388 relaxetur.
957 3325 1097 3410 Triginta
1115 3349 1171 3410 per
1186 3330 1245 3394 tria
1264 3343 1295 3397 et

302 3431 408 3494 decem
419 3435 564 3512 surgunt;
577 3448 633 3511 per
644 3427 714 3498 tria,
726 3447 807 3490 nova
819 3426 870 3488 lex
882 3433 1007 3509 propter
1016 3427 1107 3490 fidem
1119 3428 1291 3505 Trinitatis.

304 3550 357 3613 per
371 3531 494 3603 decem,
512 3535 600 3590 vetus
613 3527 664 3589 lex
677 3532 803 3609 propter
818 3525 1006 3609 Decalogum
1021 3526 1209 3612 intelligitur.
1226 3531 1295 3595 Tri·
1390 3556 1392 3561 ·

303 3629 390 3713 ginta
415 3628 508 3690 etiam
529 3627 635 3690 diebus
656 3626 754 3702 omnis
776 3624 889 3688 mensis
910 3625 1032 3691 labitur.
1057 3627 1172 3711 Agitur
1192 3629 1296 3714 itaque

303 3727 476 3812 trigesimus
500 3726 585 3798 dies,
603 3732 637 3790 ut
655 3724 800 3809 quicquid
822 3725 913 3788 homo
933 3725 964 3787 in
988 3727 1142 3790 mensibus
1165 3729 1295 3795 innova
1389 3720 1391 3724 ’

303 3826 352 3888 vel
370 3825 402 3887 in
414 3823 510 3888 veteri
532 3822 600 3906 lege
614 3822 761 3906 deliquit,
783 3821 931 3885 deleatur.
950 3824 1060 3886 Annus
1080 3832 1127 3887 est
1141 3824 1291 3905 Christus,

304 3923 470 3988 utdicitur:
497 3954 509 3975 ιι
528 3923 638 3986 Annus
658 3920 853 4004 acceptabilis
875 3921 1019 3984 Domino.
1048 3955 1061 3977 ι
1085 3923 1209 3988 Menses
1223 3937 1294 3991 sunt

304 4023 462 4088 duodecim
485 4020 692 4104 Apostoli,ut
711 4019 836 4084 dicitur:
866 4051 878 4072 ιι
899 4020 1065 4085 Benedices
1080 4043 1197 4087 coronae
1222 4027 1293 4089 anni

303 4122 499 4208 benignitatis
514 4130 585 4185 tuae.
604 4152 616 4173 ιι
635 4120 716 4184 Solis
732 4140 837 4183 cursus
848 4140 902 4202 per
915 4141 1028 4183 annum
1042 4146 1047 4183 :
1066 4123 1180 4187 reditus
1193 4125 1289 4198 luna,

303 4233 374 4308 post
387 4243 534 4286 mensem.
552 4221 665 4304 Agitur
678 4220 769 4302 igitur
782 4220 1004 4284 anniversarius
1015 4220 1096 4299 dies,
1106 4229 1140 4284 ut
1152 4222 1294 4304 quicquid
