3184 5442
297 713 362 774 284
674 733 705 773 o.
733 734 906 776 rauranum

242 901 244 904 ·
341 873 383 934 D.
401 873 462 950 Qui
476 881 547 936 suut
566 873 618 954 qui
631 873 793 958 judicantt
814 910 854 921 -
872 874 918 936 M.
942 873 1110 956 Apostoli,
1133 882 1297 959 martyres,

298 972 496 1048 confessores,
511 973 663 1050 monachi,
678 975 824 1059 virgines.

343 1074 385 1135 D.
402 1075 561 1151 Quomodo
571 1075 751 1160 judicabunt
764 1074 878 1162 justost
892 1111 932 1122 -
950 1074 998 1136 M.
1015 1075 1240 1138 Monstrabunt
1253 1096 1301 1138 eos

298 1194 384 1234 suam
400 1173 568 1236 doctrinam
583 1182 616 1236 et
628 1195 685 1237 sua
699 1175 840 1257 exempla
851 1173 944 1236 fuisse
959 1174 1114 1252 imitatoS,
1130 1182 1164 1238 et
1175 1176 1247 1238 ideo
1259 1197 1300 1238 re·

299 1294 360 1355 guo
371 1273 513 1335 ooelorum
527 1273 647 1355 dignos·

347 1569 398 1642 14,
425 1570 474 1631 De
490 1569 679 1655 judicandis
703 1585 733 1633 et
752 1579 821 1632 sine
833 1570 959 1655 judicio
978 1579 1160 1655 perituris‚·
1184 1571 1224 1633 de
1252 1581 1297 1633 im

303 1671 376 1749 Dei,
393 1670 474 1733 etde
488 1679 651 1757 apertione
666 1671 826 1734 librorum.
941 1700 944 1706 ·

345 1770 386 1834 D.
402 1772 463 1849 Qui
475 1788 544 1834 sunt
556 1773 607 1855 qui
615 1771 849 1857 judicabunturt
864 1806 903 1817 -
918 1771 964 1832 M.
985 1771 1048 1848 Qui
1069 1792 1166 1854 opera
1180 1769 1298 1833 miseri·

303 1871 413 1934 cordiae
433 1872 462 1933 in
488 1873 622 1957 legitimo
636 1873 776 1958 conjugio
789 1879 1008 1944 exercuerunt,
1033 1872 1081 1934 vel
1105 1871 1159 1954 qui
1179 1879 1300 1954 peecata

303 1991 358 2032 sua
385 1971 564 2054 poenitentia
583 1980 615 2036 et
638 1972 838 2057 eleemosynis
865 1971 1074 2045 redimerunt,
1101 1971 1148 2033 eis
1167 1971 1299 2034 dicetur:

308 2098 320 2120 «
332 2070 446 2134 'Venite
458 2072 607 2135 benedicti
619 2073 715 2155 patris
727 2071 803 2144 mei;
818 2070 940 2143 esurivi,
952 2079 985 2133 et
998 2070 1131 2134 dedistis
1140 2069 1214 2133 mihi
1224 2089 1302 2132 man·

304 2171 426 2245 ducare,
445 2180 504 2235 etc.
522 2204 533 2223 n
985 2196 996 2217 ·

278 2257 280 2261 ’
347 2269 388 2330 D.
404 2271 551 2335 Dicentur
562 2273 627 2336 haee
642 2273 724 2335 sonis
738 2271 920 2335 verborumt
940 2306 980 2317 —
996 2270 1045 2332 M.
1068 2269 1150 2333 Cum
1165 2268 1301 2334 Christus

302 2367 393 2429 homo
409 2369 450 2431 ibi
461 2375 631 2452 apparebit,
648 2381 679 2434 et
693 2372 752 2455 ipsi
775 2372 808 2433 in
833 2370 1009 2454 corporibus
1024 2369 1189 2444 adsistent,
1204 2378 1301 2453 potest

302 2488 370 2528 esse
386 2471 466 2549 quod
480 2470 546 2532 haec
566 2473 660 2533 verba
684 2474 830 2536 sonaliter
853 2474 936 2536 fient.
957 2471 1076 2534 Tamen
1099 2491 1171 2534 oum
1195 2471 1237 2533 sit
1262 2469 1300 2531 ibi

302 2567 440 2629 omnibus
460 2567 654 2632 manifestum
675 2593 730 2654 per
752 2573 833 2655 quod
853 2572 994 2635 meritum
1013 2570 1147 2653 quisque
1169 2570 1302 2633 salvetur

302 2666 350 2728 vel
365 2666 537 2742 damnetur,
563 2670 661 2755 magis
684 2673 771 2735 nobis
788 2693 842 2754 per
868 2672 932 2734 haeo
949 2673 1043 2734 verba
1069 2670 1221 2745 innuitur,
1249 2689 1299 2752 per

304 2788 371 2849 quae
386 2768 495 2831 merita
510 2771 675 2834 salventur.

348 2870 387 2931 D.
406 2871 567 2948 Quomodo
578 2872 810 2958 judicabunturt
832 2909 871 2920 -
884 2873 930 2935 Μ.
957 2870 1083 2935 Coelesti
1105 2872 1232 2955 palatio,
1250 2870 1297 2954 qui

282 2986 285 2990 ’
304 2969 367 3032 haeo
381 2970 527 3046 fecerunt,
545 2973 630 3057 digni
645 2975 857 3038 censebuntur.

347 3070 389 3133 D.
408 3072 467 3150 Qui
483 3081 564 3145 sunt,
579 3073 632 3156 qui
646 3073 711 3135 sine
719 3073 833 3158 judicio
846 3073 1005 3156 peribuntt
1018 3109 1062 3121 -
1080 3074 1127 3136 M.
1156 3073 1218 3152 Qui
1241 3071 1301 3135 sine

302 3169 370 3254 lege
384 3186 597 3254 peccaverunt,
617 3174 873 3269 pagani,soilioet,
891 3184 922 3237 et
933 3174 975 3236 illi
987 3174 1008 3236 J
1010 3173 1099 3248 udaei,
1116 3175 1172 3257 qui
1184 3173 1301 3236 suenurt

301 3279 373 3351 post
396 3273 569 3355 passionem
595 3271 721 3335 Christi.
738 3273 820 3334 Nam
845 3283 916 3355 post
931 3295 1017 3336 suam
1031 3275 1209 3356 passionem
1231 3273 1304 3358 legis

305 3372 477 3435 observatio
493 3380 649 3456 reputatur
664 3372 840 3435 idololatriae
856 3373 1042 3456 superstitio.

346 3471 387 3532 D.
403 3472 558 3535 Videbunt
566 3472 623 3555 ipsi
635 3471 808 3536 Christumt
823 3509 862 3520 -
874 3473 921 3536 M.
934 3473 1112 3545 Videbunt,
1130 3476 1188 3537 sed
1209 3474 1304 3537 adsui

301 3570 475 3650 pemioiem‚
500 3582 536 3636 ut
545 3573 654 3636 dieitur
670 3599 675 3634 :
697 3605 709 3625 u
724 3573 881 3637 Videbunt
892 3574 922 3635 in
933 3595 1023 3656 quem
1037 3575 1270 3645 transfixerunt;
1289 3607 1301 3627 ·

300 3688 405 3731 omnes
417 3692 550 3755 namque
567 3673 652 3757 impii
669 3674 699 3735 in
715 3693 820 3736 necem
834 3674 959 3737 Domini
976 3683 1209 3738 consenserunt.

343 3768 384 3829 D.
403 3769 507 3846 Quare
521 3773 630 3836 dicitur
641 3775 680 3835 de
695 3774 759 3837 eis:
781 3805 793 3825 u
812 3774 882 3838 Non
900 3783 1057 3858 resurgent
1073 3774 1160 3857 impii
1179 3775 1211 3838 in
1220 3774 1303 3860 judi·

298 3866 367 3944 eiot¹
380 3899 392 3920 »ν
412 3905 451 3916 -
471 3872 514 3933 M.
534 3874 605 3934 Non
622 3876 777 3958 continget
791 3875 860 3947 illis,
881 3886 916 3938 ut
932 3876 970 3937 ibi
982 3875 1136 3961 judicent;
1158 3875 1240 3939 siout
1255 3875 1302 3938 hic

298 3964 443 4030 fecerunt.
460 3971 508 4033 De
522 3971 568 4034 his
583 3972 692 4035 dioitur
710 4000 715 4035 :
740 4007 752 4026 ··
769 3975 872 4038 Pones
889 3997 941 4038 eos
958 3984 993 4038 ut
1004 3975 1159 4038 olibanum
1177 3975 1258 4061 ignis
1272 3976 1301 4038 in

299 4077 435 4149 tempore
449 4071 551 4135 vuitus
566 4073 621 4134 tui.
641 4106 652 4124 ν»

344 4169 385 4231 D.
404 4171 462 4249 Qui
474 4173 835 4258 suntquijudioabuntur,
852 4175 1050 4257 etperibuntt
1067 4211 1107 4222 -
1122 4175 1168 4237 M.
1186 4176 1295 4239 Judau.

301 4271 351 4350 qni
371 4280 442 4334 nuto
462 4275 626 4336 adrentum
643 4275 755 4338 Christi
774 4278 829 4338 sub
846 4276 912 4359 logo
929 4285 1149 4358 portaverunt;
1172 4287 1203 4339 ot
1227 4276 1296 4338 rnati
