3184 5442
293 751 361 815 234
678 768 709 809 u.
735 765 909 808 muranum

294 913 503 982 communione
528 912 691 985 Ecclesiae,
720 911 824 974 omnia
845 917 1036 976 sacramenta
1060 931 1116 995 per
1139 932 1193 974 eos
1218 909 1298 976 sacta
1358 988 1361 992 Ι

296 1023 383 1081 erunt
397 1021 486 1078 rata:
504 1013 531 1076 si
551 1012 665 1076 exclusi
687 1011 818 1086 fuerint,
842 1031 1032 1095 quaecunque
1048 1009 1188 1098 egerint,
1210 1017 1298 1075 erunt

296 1119 395 1180 irrita.
412 1113 494 1192 Quia
506 1112 599 1197 igitur
610 1120 682 1176 sunt
692 1112 767 1195 lupi,
782 1133 802 1174 a
816 1110 932 1176 Christi
942 1111 1051 1175 ovibus
1066 1119 1139 1175 sinit
1147 1109 1293 1196 fugiendi,

296 1225 331 1280 ut
347 1214 476 1278 dicitur:
500 1211 621 1275 “Exite
639 1214 678 1276 de
698 1212 799 1276 medio
827 1204 971 1288 illorum,
992 1214 1104 1297 popule
1129 1233 1234 1288 meus,
1259 1233 1296 1275 ne

296 1315 459 1401 participes
469 1312 644 1396 sitispoenis
659 1319 691 1376 et
704 1312 866 1376 tormentis
882 1313 1013 1376 illorum.
1033 1345 1046 1368 n

341 1417 383 1480 D.
410 1414 557 1497 Nunquid
571 1419 675 1497 potest
688 1412 779 1476 homo
791 1433 847 1476 sua
858 1420 983 1497 propter
994 1433 1047 1477 eos
1059 1411 1294 1496 relinqueret-

298 1517 346 1581 M.
362 1516 427 1580 Ista
440 1513 593 1597 separatio
608 1534 668 1575 non
681 1518 784 1596 potest
798 1511 994 1596 corporaliter
1005 1512 1086 1588 fieri,
1105 1533 1164 1576 nec
1181 1514 1293 1577 debet:

300 1618 371 1702 quia
386 1615 493 1681 siboni
510 1613 631 1678 amalis
643 1620 843 1697 separantur,
863 1615 928 1700 jam
943 1633 1034 1676 nemo
1053 1614 1095 1677 ad
1113 1614 1228 1677 bonum
1244 1635 1298 1698 per

299 1739 353 1782 eos
367 1716 564 1782 convertitur.
577 1717 613 1779 In
628 1714 808 1797 quibusdam
823 1720 928 1778 tamen
940 1721 1013 1777 sunt
1029 1712 1205 1789 devitandi,
1219 1729 1297 1798 prae-

300 1819 388 1902 cipue
401 1818 432 1880 in
446 1815 597 1892 convivio,
612 1815 688 1878 etin
702 1813 826 1878 semotio
837 1813 909 1885 Dei,
921 1820 958 1877 ut
969 1813 1078 1877 dicitur
1093 1835 1099 1874 :
1123 1843 1137 1865 a
1151 1813 1221 1878 Nec
1232 1834 1298 1878 cum

301 1918 474 2005 hujusmodi
493 1918 593 1981 cibum
613 1935 741 1980 sumere.
764 1946 777 1968 n
801 1914 954 2000 Fugiendi
977 1922 1049 1978 sunt
1067 1920 1171 1978 mente
1194 1921 1228 1979 et
1245 1935 1299 1978 vo-

301 2023 430 2094 luntate,
445 2041 484 2082 ne
493 2017 698 2083 consentiatur
710 2015 852 2099 operibus
867 2036 984 2078 eorum.

347 2121 388 2183 D.
416 2119 554 2196 Qualiter
564 2119 599 2181 fit
612 2137 777 2181 consensus
789 2116 830 2179 ad
841 2122 927 2180 actus
938 2113 1075 2178 illoruml
1091 2151 1131 2163 -
1142 2114 1189 2179 M.
1211 2114 1247 2179 Si
1263 2114 1301 2178 il-

303 2221 400 2283 lorum
421 2216 583 2281 malefacta
605 2216 787 2289 laudantur,
812 2221 844 2278 et
866 2215 906 2278 ad
930 2214 1133 2298 perpetranda
1154 2212 1298 2300 flagitia,

303 2318 427 2382 consilio
439 2317 488 2380 vel
499 2316 628 2400 pecunia
643 2316 839 2380 auxiliantur.
849 2315 921 2378 Ideo
932 2336 993 2378 non
1005 2315 1103 2377 solum
1112 2314 1166 2397 qui
1174 2313 1300 2387 faciunt,

303 2419 357 2481 sed
369 2423 400 2479 et
411 2418 464 2499 qui
478 2415 670 2478 consentiunt
682 2413 872 2494 facientibus
888 2414 973 2500 digni
986 2421 1057 2478 sunt
1070 2420 1181 2477 morte.
1194 2413 1304 2498 ltaque

303 2515 444 2599 quamvis
466 2513 539 2576 mali
557 2512 703 2595 quamdiu
724 2515 763 2576 ab
781 2514 920 2578 Ecclesia
939 2514 1058 2598 publice
1077 2535 1139 2576 non
1158 2521 1231 2577 sunt
1253 2536 1304 2578 se-

305 2614 422 2701 gregati
433 2646 444 2689 ,·
463 2634 523 2676 non
546 2619 617 2675 sunt
633 2612 811 2685 devitandi,
838 2614 894 2677 nisi
916 2614 974 2677 sibi
992 2613 1124 2678 invicem
1143 2635 1253 2677 omnes
1274 2623 1306 2679 et

305 2713 426 2779 Praelati
443 2721 475 2777 et
486 2712 599 2776 subditi
614 2713 658 2777 ita
669 2713 700 2775 in
714 2716 794 2777 malo
806 2717 1014 2789 consentiant,
1031 2722 1068 2778 ut
1081 2714 1184 2777 nullus
1200 2735 1307 2778 eorum

305 2812 489 2897 pravitatem
515 2823 624 2899 arguat
646 2836 652 2876 ε
681 2823 753 2878 tuno
778 2814 917 2878 omnibus
944 2815 1042 2879 modis
1062 2823 1135 2878 sunt
1148 2813 1304 2900 fugiendi,

306 2915 378 2998 quia
391 2923 463 2979 tunc
478 2936 570 2978 causa
586 2915 663 2979 fiunt
677 2915 769 2978 ruinae
785 2915 900 2998 populi.
1093 2909 1095 2913 ⁴

350 3208 405 3271 32.
432 3208 481 3271 De
501 3208 594 3294 culpa
616 3204 827 3269 Proelotorum
846 3205 940 3268 malis
961 3205 1176 3269 sacerdotibus
1195 3217 1311 3272 conni-

307 3317 454 3388 ventium,
472 3308 572 3397 deque
585 3331 649 3370 non
663 3305 851 3369 ordinandis
865 3306 1062 3369 sacerdotum
1069 3306 1171 3392 filiis.

351 3411 394 3473 D.
420 3409 502 3486 Quid
522 3410 560 3471 de
578 3407 751 3492 pastoribus
770 3407 815 3469 eis
828 3406 1101 3471 consentientibusl
1121 3443 1166 3456 —
1181 3408 1231 3472 M.
1247 3410 1314 3474 Le-

307 3509 390 3592 gitur
403 3509 441 3570 de
452 3507 538 3583 Heli,
556 3508 637 3590 quod
649 3508 721 3590 quia
731 3507 802 3571 filiis
816 3528 911 3590 prave
927 3508 1088 3593 agentibus
1106 3511 1311 3586 consenserit,

307 3614 339 3670 et
359 3629 413 3670 eos
437 3607 539 3690 tepide
568 3627 660 3689 super
686 3607 926 3691 transgressione
952 3607 1149 3691 corripuerit,
1177 3618 1315 3675 mortem

308 3705 442 3788 corporis
452 3703 611 3768 incurrerit
624 3726 631 3766 ε
646 3704 698 3766 ubi
710 3705 871 3770 manifeste
888 3706 1056 3770 ostenditur
1075 3705 1148 3789 quia
1162 3715 1312 3784 mortem,

309 3826 401 3886 quam
415 3804 466 3867 ille
481 3824 644 3888 perpessus
658 3811 706 3867 est
719 3803 899 3890 incorpore,
912 3806 963 3871 isti
975 3806 1134 3890 patiuntur
1148 3805 1180 3867 in
1193 3808 1314 3873 anima.

309 3903 372 3988 Ipsi
394 3913 520 3988 peccata
538 3904 777 3987 delinquentium
791 3905 912 3981 fovent,
937 3915 1086 3990 quatenus
1107 3909 1146 3970 ab
1167 3906 1216 3970 eis
1236 3916 1317 3972 tem-

309 4006 425 4088 poralia
440 4004 592 4088 stipendia
609 4004 796 4089 percipiant,
821 4014 853 4070 et
870 4008 910 4070 ab
927 4015 1041 4071 aetema
1057 4007 1250 4072 beatitudine
1263 4031 1316 4073 se-

310 4104 385 4168 clusi
404 4126 512 4187 poenas
532 4111 663 4169 aeternas
682 4125 752 4169 cum
773 4105 818 4169 eis
837 4106 934 4171 luant.
954 4107 1062 4191 Aliqui
1084 4129 1154 4172 curn
1178 4109 1317 4190 pastoris

307 4208 378 4292 jura
392 4203 574 4288 suscipiunt,
592 4206 632 4268 ad
652 4205 844 4268 lacerandum
865 4207 1004 4270 subditos
1021 4207 1239 4272 inardescunt:
1257 4230 1315 4292 pe-

312 4305 416 4370 cunias
434 4307 473 4367 ab
491 4304 535 4369 eis
551 4312 735 4388 extorquent
748 4313 780 4368 et
794 4305 961 4389 diripiunt,
986 4316 1018 4372 et
1033 4308 1111 4372 sacri
1130 4307 1246 4372 ordinis
1260 4331 1317 4393 per
