3184 5442
386 731 474 772 urana
497 731 536 772 nn
559 729 695 770 consona
719 727 756 769 ar
780 728 870 776 sanc.
900 727 1018 766 nonuvr.
1136 706 1199 794 llll

201 870 349 934 mestione
363 868 519 953 discipulis
534 890 554 931 a
564 868 697 932 Domino
710 867 834 930 dicitur:
859 898 870 916 u
893 865 1052 947 Accipite,
1069 868 1198 929 mandu-
1261 876 1265 883 '

201 977 282 1050 cate,
300 977 332 1032 et
347 968 457 1045 bibite,
475 970 532 1032 hoo
551 977 598 1031 est
616 989 725 1051 corpus
735 988 843 1046 ⁴meum
860 968 941 1048 quod
962 986 1018 1048 pro
1034 966 1121 1029 vobis
1136 975 1199 1030 tra-

202 1072 308 1142 detur:
329 1100 341 1123 »
356 1071 411 1144 Et,
430 1099 443 1121 u
464 1069 587 1133 Hicest
607 1068 685 1132 calix
704 1066 861 1152 sanguinis
882 1066 953 1137 mei,
973 1067 1026 1148 qui
1045 1088 1101 1149 pro
1115 1068 1202 1130 vobis

203 1169 383 1233 effundetur.
405 1201 418 1222 n
438 1171 481 1232 Et
491 1169 662 1252 Apostolus
671 1169 711 1231 ad
723 1166 895 1231 Corinthios
909 1191 915 1228 :
935 1197 947 1217 u
964 1167 1025 1244 Qui
1037 1168 1201 1232 manducat

203 1278 233 1332 et
257 1267 330 1331 bibit
348 1267 495 1352 indigne,
516 1267 663 1352 judicium
685 1266 741 1329 sibi
768 1266 949 1341 manducat,
973 1273 1006 1328 et
1023 1265 1117 1340 bibit,
1141 1287 1201 1329 non

203 1367 372 1454 dijudicans
387 1388 497 1451 corpus
513 1367 651 1431 Domini.
670 1399 683 1422 n
703 1366 900 1449 Spiritualem
918 1373 1020 1428 autem
1038 1366 1200 1429 comestio·

203 1488 275 1529 nem
289 1467 499 1530 demonstrare
514 1469 675 1550 satagebat
690 1468 800 1530 beatus
818 1466 1007 1548 Augustinus
1029 1465 1060 1526 in
1081 1465 1204 1536 homilia

203 1566 349 1630 vicesima
362 1573 452 1629 sexta
463 1587 554 1649 super
567 1567 589 1628 J
590 1586 730 1639 oannem,
747 1587 816 1630 cum
829 1565 959 1628 diceret:
983 1597 995 1617 u
1011 1565 1127 1628 Panem
1141 1586 1202 1629 coe-

205 1667 314 1729 lestem
328 1665 527 1749 spiritualiter
545 1666 742 1739 manducate,
765 1665 968 1736 innocentiam
983 1665 1023 1728 ad
1034 1665 1130 1728 altare
1144 1686 1202 1748 ap-

204 1772 336 1848 portate.
356 1797 369 1819 n
389 1767 432 1829 Et
452 1772 523 1848 post
545 1785 663 1847 pauca:
686 1794 699 1816 u
717 1764 778 1827 Hic
800 1773 848 1827 est
867 1785 940 1848 ergo
960 1763 1048 1846 panis
1068 1765 1106 1827 de
1126 1765 1202 1828 coelo

204 1864 411 1929 descendens:
429 1872 465 1927 ut
478 1865 504 1927 si
516 1865 585 1948 quis
604 1885 644 1927 ex
664 1865 730 1947 ipso
750 1863 995 1936 manducaverit,
1014 1885 1075 1925 non
1088 1864 1201 1927 moria-

206 1977 265 2029 tur.
283 1965 346 2028 Sed
361 1966 442 2048 quod
456 1965 589 2049 pertinet
603 1965 643 2028 ad
655 1964 802 2027 virtutem
816 1963 1018 2036 sacramenti,
1043 1985 1104 2026 non
1121 1966 1202 2047 quod

206 2067 339 2150 pertinet
351 2066 390 2129 ad
401 2065 518 2128 visibile
529 2074 765 2130 sacramentum.
781 2065 843 2144 Qui
859 2065 1022 2127 manducat
1035 2060 1127 2139 intus,
1142 2087 1201 2128 nou

206 2165 291 2241 foris,
305 2165 359 2248 qui
370 2165 535 2229 manducat
549 2165 581 2228 in
595 2166 697 2240 corde,
712 2186 772 2227 non
787 2165 839 2248 qui
854 2165 965 2247 premit
976 2165 1076 2227 dente.
1096 2197 1108 2216 n
1127 2165 1203 2244 Quae

208 2273 311 2329 autem
331 2264 371 2328 sit
388 2264 477 2349 hujus
497 2265 679 2328 sacramenti
693 2264 791 2327 virtus
812 2264 903 2347 paulo
922 2274 993 2346 post
1013 2265 1139 2346 exponit
1153 2265 1202 2326 di-

209 2385 300 2429 cens:
323 2395 336 2418 a
354 2364 477 2429 Norunt
497 2365 602 2428 fideles
626 2385 735 2448 corpus
757 2363 891 2443 Christi,
912 2364 938 2426 si
958 2384 1068 2446 corpus
1089 2363 1202 2428 Christi

208 2485 276 2529 esse
287 2484 348 2527 non
360 2464 527 2548 negligant.
545 2465 638 2529 Fiant
656 2486 764 2549 corpus
781 2464 913 2538 Christi,
934 2464 961 2526 si
974 2463 1082 2525 volunt
1101 2464 1203 2528 vivere

208 2566 248 2629 de
259 2564 368 2648 spiritu
379 2565 502 2629 Christi.
520 2597 534 2616 n
550 2565 593 2628 Et
608 2573 678 2648 post
693 2564 814 2648 aliqua:
838 2595 850 2616 u
870 2565 944 2628 Inde
956 2571 1004 2626 est
1015 2564 1096 2645 quod
1107 2584 1203 2648 expo-

208 2685 285 2727 nens
294 2665 382 2728 nobis
396 2664 564 2747 Apostolus
574 2664 687 2728 Paulus
702 2665 782 2728 hunc
797 2685 928 2748 panem:
947 2683 1025 2725 unus
1038 2662 1137 2744 panis,
1154 2663 1203 2726 in·

150 2831 155 2836 ,
209 2764 289 2848 quit,
304 2784 397 2828 unum
410 2785 520 2848 corpus
538 2765 625 2828 multi
639 2785 756 2827 sumus
774 2765 803 2829 Ο
819 2769 1042 2828 sacramentum
1061 2761 1199 2843 pietatis!

209 2885 227 2951 o
242 2863 362 2947 signum
375 2863 518 2926 unitatis!
534 2884 552 2923 o
568 2863 720 2926 vinculum
735 2863 886 2955 caritatis!

256 3167 308 3231 18.
327 3168 515 3251 Propulsatis
526 3175 674 3251 quantum
684 3167 759 3232 satis
771 3168 870 3231 visum
883 3176 930 3233 est
941 3170 1112 3246 calumniis,
1127 3193 1205 3254 quas
1259 3153 1264 3160 ⁵

209 3273 241 3332 in
261 3264 662 3334 contumeliam'Humberti
684 3269 847 3352 Episcopi,
868 3277 1041 3354 sanctaque
1059 3271 1206 3336 Romana
1300 3336 1302 3338 ,

210 3368 354 3432 Ecclesiae
377 3374 493 3431 temere
513 3367 681 3450 protulisti,
705 3368 869 3451 scripsisti,
894 3369 1034 3444 edidisti;
1057 3351 1205 3456 reliquum

211 3477 259 3532 est
272 3477 308 3532 ut
321 3469 413 3531 fidem
429 3475 544 3532 sanctae
558 3467 714 3545 Ecclesia,
734 3477 828 3552 atque
847 3469 1019 3552 opinionem
1038 3479 1097 3536 tuae
1115 3482 1206 3537 sectae

210 3567 422 3653 compendiose
443 3588 649 3651 exponamus;
675 3569 832 3652 expositas
850 3570 956 3653 paucis
976 3573 1207 3637 auctoritatibus

211 3667 410 3751 brevibusque
422 3667 589 3732 rationibus
604 3690 695 3733 unam
710 3671 891 3753 probemus,
910 3670 1037 3736 alteram
1050 3671 1205 3756 improbe-

131 3826 134 3831 ,
211 3788 291 3830 mus.
308 3767 443 3830 Plurima
454 3767 534 3830 enim
550 3789 585 3832 ao
600 3767 719 3852 prolixa
729 3768 777 3832 vel
790 3768 965 3833 testimonia
975 3771 1203 3854 scripturarum,

210 3866 460 3948 vellirmamenta
471 3867 712 3951 disputationum
725 3868 896 3951 epistolaris
906 3871 1039 3934 brevitas
1048 3871 1139 3935 inseri
1146 3893 1207 3935 non

210 3965 371 4050 permittit,
388 3986 445 4029 nec
459 3966 548 4042 ratio,
564 3974 617 4030 aut
630 3967 796 4031 necessitas
812 3967 875 4033 ulla
889 3970 1038 4052 exposcit.
1056 3972 1139 4034 Nam
1154 3972 1208 4054 qui

210 4067 314 4130 fideles
325 4075 414 4146 sunt,
429 4068 484 4131 sed
497 4069 674 4151 depravati,
693 4068 839 4151 pravitati
849 4090 911 4132 suae
926 4069 1121 4145 defendendae
1139 4092 1207 4154 per·

211 4167 351 4230 tinaciter
361 4188 422 4230 non
433 4167 587 4232 insistunt.
601 4169 665 4232 Sed
677 4168 777 4251 potius
788 4169 950 4234 intellectis
961 4168 1202 4244 auctoritatibus,

212 4267 382 4350 auditisque
402 4267 582 4346 rationibus,
605 4269 644 4330 ad
661 4269 743 4331 viam
763 4270 900 4334 veritatis
920 4270 1074 4332 humiliter
1095 4271 1204 4332 reverti
1308 4344 1310 4349 Ι

1056 4377 1098 4420 12.
