3184 5442
296 742 361 802 300
451 761 481 800 n.
508 754 682 799 inuentum
705 753 804 795 senno
828 752 894 792 suu
917 749 1101 812 saurentii.

296 908 480 983 potestatem
493 897 639 966 tribuunt,
653 893 778 955 faciant.
794 894 934 976 Regnum
947 891 1006 954 Dei
1019 898 1051 952 et
1061 891 1217 975 justitiam
1231 894 1297 977 ejus

271 1066 276 1075 ,
296 1019 440 1082 (quaerere,
457 1005 503 1060 est
515 994 645 1059 coelestis
656 993 762 1075 patriae
776 993 856 1054 bona
871 991 1053 1064 desiderare,
1067 1000 1098 1053 et
1109 991 1222 1072 quibus
1229 993 1297 1076 jus-

296 1099 371 1160 titiae
384 1097 499 1158 meritis
509 1096 547 1157 ad
560 1095 617 1157 hoc
627 1093 777 1177 perveniri
788 1093 900 1155 debeat
908 1092 1115 1154 indesinenter
1126 1091 1293 1174 inquirere.

298 1199 414 1260 Docere
431 1205 462 1259 et
480 1216 539 1257 non
557 1193 720 1257 conviciari
738 1194 915 1278 ignorantes
935 1192 1091 1265 debemus,
1108 1191 1189 1255 sicut
1203 1213 1300 1255 caecos

294 1319 352 1358 non
369 1296 582 1367 conviciamur,
601 1294 654 1356 sed
674 1315 767 1357 manu
787 1292 934 1355 ducimus.
948 1292 1071 1370 Quanto
1090 1292 1227 1374 graviori
1249 1300 1299 1354 tu-

294 1397 392 1458 multu
416 1394 634 1480 cogitationum
657 1393 821 1456 carnalium
847 1391 1023 1473 premimur,
1051 1398 1139 1453 tanto
1167 1392 1299 1454 orationi
1390 1410 1395 1418 ·

295 1497 451 1559 ardentius
466 1496 606 1558 insistere
621 1495 778 1557 debemus
796 1493 864 1554 Deo
894 1499 996 1554 nostro
1015 1491 1150 1576 jucunda
1171 1493 1209 1553 fit
1228 1492 1295 1554 lau·

293 1596 390 1670 datio,
408 1597 433 1658 si
450 1596 532 1679 quod
545 1615 597 1657 ore
612 1595 759 1664 canimus,
776 1613 867 1675 opere
878 1613 939 1653 non
950 1591 1178 1675 impugnamus.
1194 1593 1298 1670 Quum

294 1697 451 1760 Psalmum
472 1695 563 1767 dieis,
583 1695 669 1779 cujus
685 1694 778 1756 verba
793 1693 926 1774 loqueris
943 1711 1088 1772 agnosce,
1112 1691 1192 1753 etin
1213 1713 1298 1755 com-

294 1797 459 1879 punctione
479 1795 577 1880 magis
597 1794 706 1862 animi,
729 1814 821 1875 quam
836 1793 867 1854 iu
883 1791 1020 1854 tremulae
1037 1790 1120 1853 vocis
1138 1792 1301 1856 dulcedine

294 1897 459 1968 delectare;
473 1895 625 1979 lacrymas
637 1893 716 1955 enim
729 1891 887 1976 psallentis
895 1893 982 1954 Deus
994 1890 1091 1973 magis
1100 1911 1194 1972 quam
1205 1894 1301 1977 garri-

295 2006 360 2059 tum
373 1997 562 2078 comprobat.
580 1995 650 2058 Non
666 2001 755 2056 vacet
770 2014 856 2055 mens
871 2001 925 2055 tua
936 1993 966 2053 in
980 1991 1073 2054 variis
1088 1994 1300 2073 perturbatio-

294 2097 398 2168 nibus3
417 2097 498 2179 quod
512 2096 537 2157 si
549 2094 663 2177 pectori
679 2101 732 2156 tuo
747 2092 924 2162 insederint,
940 2090 1175 2155 dominabuntur
1190 2094 1251 2167 tui,
1268 2103 1300 2157 et

294 2196 445 2258 deducent
460 2205 491 2258 te
508 2196 546 2257 ad
561 2193 703 2256 delictum
717 2192 896 2255 maximum.

338 2295 497 2368 Dixit....‚
514 2316 619 2356 verum
642 2293 756 2357 Christi
776 2292 924 2375 templum
942 2288 1111 2352 est‘anima
1128 2291 1294 2352 credentis

294 2394 396 2456 Etiam
416 2395 446 2454 in
464 2392 596 2454 minimis
614 2400 702 2454 caute
722 2413 796 2476 age;
824 2413 884 2453 non
905 2391 985 2453 enim
1002 2391 1163 2453 minimum
1182 2391 1214 2452 in
1233 2392 1300 2454 vita

294 2491 406 2553 homini
416 2491 568 2573 negligere
578 2489 714 2551 minima.
728 2490 844 2553 Otiosae
855 2490 948 2553 menti
959 2489 1081 2573 maligni
1092 2491 1220 2573 spiritus
1229 2511 1300 2574 pra-

294 2611 350 2653 vas
358 2588 556 2672 cogitationes
566 2591 714 2664 inserunt,
729 2600 764 2652 ut
776 2591 802 2652 si
812 2591 948 2673 quiescat
958 2592 996 2653 ab
1007 2611 1109 2673 opere,
1123 2612 1184 2653 non
1197 2592 1299 2673 quies·

294 2698 344 2754 cat
365 2690 551 2753 amalorum
571 2711 695 2772 operum
715 2691 930 2754 delectatione.
956 2691 1070 2755 Omnia
1088 2711 1155 2774 quae
1173 2693 1297 2755 blandi·

231 2859 235 2866 ,
295 2798 409 2865 mento,
426 2812 493 2873 quae
505 2792 622 2854 occulta
637 2791 794 2874 voluptate
809 2792 943 2854 animum
957 2791 1093 2863 trahunt,
1109 2792 1211 2877 rejice.
1229 2794 1298 2855 Ede

295 2892 372 2955 citra
392 2892 601 2964 saturitatem,
625 2891 694 2954 bibe
712 2892 788 2955 citra
807 2891 1002 2964 ebrietatem;
1021 2912 1076 2954 nec
1094 2893 1299 2974 praesentibus

298 2991 413 3055 deliciis
427 2992 595 3064 inhaerebis,
614 3012 670 3054 nec
685 2993 827 3054 absentes
848 2991 1044 3054 desiderabis.
1059 2991 1171 3054 Victus
1186 2993 1243 3055 tibi
1259 3014 1299 3056 ex

295 3089 374 3154 facili
386 3091 437 3170 sit,
449 3113 504 3154 nec
517 3091 555 3153 ad
567 3091 766 3173 voluptatem,
780 3091 833 3152 sed
846 3091 885 3153 ad
897 3091 996 3153 cibum
1010 3091 1119 3154 accede
1129 3115 1134 3149 τ
1145 3092 1299 3155 desideria

296 3199 349 3252 tua
364 3212 459 3272 parvo
478 3189 604 3267 redime,
622 3190 694 3273 quia
710 3190 766 3253 hoc
782 3198 902 3252 tautum
921 3211 1027 3252 curare
1045 3191 1138 3253 debes
1153 3194 1194 3254 'ut
1215 3193 1298 3255 desi-

296 3296 382 3352 nant.
402 3291 534 3353 Gravior
557 3290 712 3373 appetitus
737 3312 774 3352 ex
799 3289 1006 3375 indignatione
1029 3291 1125 3353 nimia
1144 3293 1296 3370 nascitur,

298 3410 388 3470 quem
403 3399 534 3474 acceptae
553 3391 732 3474 plerumque
752 3391 870 3453 accedit
888 3390 1005 3475 injuriae
1025 3389 1120 3452 dolor.
1142 3391 1230 3453 Nulli
1250 3402 1300 3455 est

298 3490 487 3572 aliquatenus
505 3491 722 3574 ambigendum
737 3511 832 3553 unum
848 3490 998 3573 quemque
1011 3490 1143 3552 fidelium
1160 3493 1300 3573 corporis

294 3599 330 3651 et
345 3591 500 3675 sanguinis
517 3591 668 3655 Dominici
680 3600 753 3655 tunc
768 3611 835 3655 esse
852 3590 1042 3673 participem,
1058 3611 1150 3671 quum
1168 3591 1200 3652 in
1216 3592 1299 3675 bap·-

253 3748 259 3759 ,
299 3688 421 3750 tismate
433 3693 601 3753 membrum
614 3691 741 3755 efficitur
756 3691 890 3773 corporis
902 3690 1016 3754 Christi
1028 3713 1034 3760 ;
1052 3710 1106 3752 nec
1119 3690 1244 3753 alienari
1259 3694 1299 3754 ab

298 3785 375 3847 illius
387 3787 475 3867 panis
488 3789 649 3871 calicisque
661 3790 823 3862 consortio,
841 3788 897 3852 etsi
908 3797 1074 3870 antequam
1087 3809 1198 3870 panem
1211 3789 1299 3852 illum

298 3885 449 3959 comedat,
473 3888 657 3969 calicemque
680 3889 775 3963 bibat,
799 3891 836 3951 de
855 3890 911 3952 hoc
929 3889 1039 3952 saeculo
1057 3888 1247 3971 migraverit,
1268 3891 1299 3952 in

299 3984 415 4049 unitate
437 3988 570 4069 corporis
594 3987 707 4051 Christi
735 3991 917 4054 constitutus
924 4013 932 4064 ;
959 3979 1140 4054 sacramenti
1161 4011 1299 4073 namque

299 4085 378 4148 illius
396 4086 627 4169 participatione
642 4109 677 4150 ac
692 4089 838 4153 beneficio
853 4112 912 4151 non
931 4090 1081 4173 privatur,
1104 4110 1199 4172 quum
1212 4091 1245 4152 'in
1265 4112 1298 4153 se

300 4186 356 4248 hoc
370 4187 448 4267 quod
462 4186 535 4250 illud
547 4197 769 4251 sacramentum
783 4190 944 4271 significat,
959 4189 1111 4253 invenitur
1126 4189 1247 4253 habere.
