3184 5442
296 750 339 813 66
678 768 708 808 o.
736 767 909 810 tunsarum

296 917 479 973 verentium.
493 907 570 994 ]Ad
581 907 649 983 hoc,
664 907 773 990 inquit,
790 907 898 989 loquor
909 906 1013 981 vobis;
1027 916 1062 972 ut
1075 909 1292 973 verecundiam

295 1009 448 1083 habeatis,
466 1007 605 1072 etvitam
616 1013 751 1071 vestram
764 1007 794 1069 in
808 1005 915 1069 melius
926 1007 1095 1092 corrigatis
1121 1045 1166 1056 -
1190 1009 1293 1072 Semi-

295 1122 402 1188 natur,
414 1120 474 1170 etc.
488 1106 499 1193 l
511 1107 638 1171 Nullum
651 1105 845 1189 corruptibile
855 1104 1091 1190 incorruptelam
1102 1109 1288 1191 possidebit;

294 1210 348 1273 sed
360 1230 430 1273 caro
442 1216 474 1272 et
485 1207 620 1291 sanguis,
632 1206 663 1268 id
675 1213 734 1279 est,
747 1203 906 1268 carnaliter
914 1204 1054 1269 viventes
1063 1214 1135 1269 sunt
1144 1209 1292 1292 corrupti·

294 1309 386 1381 biles,
405 1315 437 1371 et
450 1327 578 1391 regnum
594 1304 653 1369 Dei
671 1304 874 1387 incorruptela
893 1327 900 1366 ε
920 1324 992 1389 ergo
1008 1305 1061 1368 isti
1075 1328 1135 1370 non
1150 1309 1291 1391 posside·

294 1412 371 1474 bunt
382 1408 466 1471 illud.
491 1443 536 1454 —
559 1405 743 1468 Seminatnr
752 1426 867 1489 corpur
879 1404 1003 1466 animal
1022 1404 1203 1491 .]Essentia
1216 1408 1287 1485 illa,

295 1529 356 1592 qua
373 1509 539 1571 humanum
556 1526 664 1588 corpus
677 1504 867 1568 vivificatur:
888 1525 927 1567 ex
945 1526 1007 1588 qua
1024 1506 1071 1569 sui
1088 1514 1176 1589 parte
1189 1508 1291 1571 vivili-

296 1616 364 1680 cat,
383 1615 415 1671 et
438 1613 558 1669 terrena
578 1604 696 1687 appetit
714 1603 818 1667 anima
832 1603 953 1668 dicitur.
976 1607 1025 1670 Ex
1046 1627 1107 1688 qua
1122 1614 1226 1670 autem
1244 1608 1291 1671 sui

295 1714 401 1791 parte,
419 1705 536 1769 ratione
557 1705 669 1780 utitur,
695 1713 727 1768 et
745 1705 848 1768 Deum
870 1704 987 1788 diligit;
1011 1707 1168 1770 rationalis
1183 1708 1290 1790 appel-

295 1807 386 1871 latur.
404 1805 488 1870 Hinc
502 1803 629 1882 dicitur,
647 1806 815 1871 seminatur
829 1805 860 1867 in
874 1812 957 1868 terra
970 1826 1081 1889 corpus
1094 1806 1242 1883 arrimale,
1258 1808 1292 1871 id

295 1913 360 1982 est,
383 1905 594 1989 corruptibile,
616 1905 698 1989 quod
717 1911 837 1969 terrena
855 1907 1037 1988 appetebat,
1057 1913 1163 1990 surget
1182 1928 1292 1990 corpus

295 2005 468 2090 spirituale,
483 2004 515 2069 id
530 2012 595 2081 est,
609 2006 799 2087 voluntatem
819 2004 945 2087 spiritus
964 2025 1020 2088 per
1039 2005 1141 2069 omnia
1158 2004 1289 2083 faciens;

295 2127 396 2189 neque
407 2103 526 2188 spiritui
537 2103 691 2167 resistens,
719 2138 764 2151 —
787 2101 825 2163 Si
836 2115 884 2165 ert
898 2126 1011 2189 corpur
1017 2106 1175 2183 ,animale
1189 2104 1292 2190 ]Cum

295 2207 404 2270 dicitur
419 2224 544 2286 corpuS,
561 2201 675 2266 frustra
693 2203 857 2266 adderetur
872 2203 1021 2282 animale,
1035 2205 1094 2268 nisi
1112 2213 1193 2269 esset
1208 2205 1293 2270 aliud

295 2325 404 2388 corpus
411 2303 579 2387 spirituale,
591 2303 630 2367 ad
637 2303 723 2387 cujus
732 2302 967 2386 discrepantiam
977 2313 1137 2369 vocaretur
1146 2307 1289 2370 animale.
1311 2369 1318 2381 ,

295 2441 341 2452 -
362 2403 454 2464 Sicut
466 2409 629 2486 scriptum.
647 2400 659 2487 ]
675 2404 772 2466 Deest
790 2405 977 2487 assumptio,
992 2405 1018 2467 si
1033 2413 1081 2469 est
1096 2427 1205 2486 corpus
1223 2404 1293 2469 arri-

297 2503 387 2572 male.
406 2509 438 2564 et
451 2501 529 2564 hanc
543 2502 664 2584 probat.
692 2538 732 2550 -
756 2502 876 2565 Factus
886 2511 1013 2590 primus
1028 2504 1129 2589 leonto.
1145 2505 1294 2590 ]Habuit

297 2602 413 2686 primus
423 2601 513 2664 homo
526 2599 660 2664 animam
669 2600 806 2676 vitalem,
822 2610 853 2666 et
865 2603 1065 2686 spiritualem,
1079 2605 1111 2667 id
1123 2613 1181 2680 est,
1193 2606 1292 2669 ratio-

194 2702 197 2709 '
297 2703 398 2767 nalem
413 2723 420 2764 :
435 2702 600 2765 secuudum
610 2713 702 2785 quam
711 2701 827 2778 Adam,
842 2703 942 2786 etqui
957 2725 995 2768 ex
1010 2725 1046 2767 eo
1062 2705 1120 2768 orti
1135 2713 1217 2780 sunt,
1232 2705 1294 2770 vic·

299 2803 360 2868 turi
381 2809 478 2866 erant.
503 2838 548 2849 -
575 2800 773 2865 Nouissimas
793 2802 911 2866 Adam.
932 2803 944 2889 ]
966 2805 1086 2868 Habuit
1108 2805 1291 2869 novissimus

298 2904 419 2977 Adam,
434 2902 465 2965 id
475 2909 538 2976 est,
552 2901 709 2978 Christus,
725 2902 859 2967 animam
869 2905 1014 2976 vitalem.
1030 2913 1062 2969 et
1076 2905 1262 2988 spiritualem
1278 2927 1286 2968 :

298 3005 353 3068 sed
366 3003 446 3066 illius
461 3009 581 3066 tantum
599 3003 693 3086 partis
708 3003 893 3068 mentionem
907 3004 979 3069 facit
994 3027 1000 3065 :
1019 3006 1186 3069 secundum·
1197 3027 1290 3088 quam

297 3104 363 3188 ipse
377 3103 517 3169 Christus
530 3155 537 3180 ,
556 3110 587 3186 et
605 3103 774 3168 imitatores
788 3105 854 3192 ejus
867 3104 966 3189 magis
983 3104 1092 3168 victuri
1107 3112 1205 3168 erant.
1221 3105 1290 3169 Nec

298 3205 356 3269 hoc
369 3205 400 3267 in
415 3202 529 3268 Genesi
545 3202 691 3287 scriptum
706 3204 874 3288 repetitum
892 3204 947 3268 sed
962 3207 1000 3268 ab
1015 3205 1178 3288 Apostolo,
1197 3225 1289 3288 supe-

298 3304 369 3366 riori
385 3304 541 3368 sententiae
555 3303 687 3367 additur.
712 3341 756 3352 —
779 3295 847 3366 Sed
858 3327 923 3366 non
931 3312 1024 3388 prius
1041 3303 1156 3390 qnod]
1172 3304 1209 3367 Id
1223 3311 1287 3385 est,

297 3400 382 3481 prius
394 3405 515 3461 terrena
526 3399 753 3480 appetentium,
768 3407 878 3481 postea
895 3397 953 3461 fuit
971 3419 1082 3480 corpus
1093 3400 1291 3483 spiritualiter

297 3495 477 3560 viventium.
503 3530 544 3542 -
568 3494 674 3579 Igitur
695 3503 778 3556 sicut
792 3495 1024 3580 portavimua]
1058 3497 1094 3559 Id
1115 3505 1184 3574 est,
1211 3499 1292 3564 siout

299 3593 438 3676 exemplo
448 3593 538 3667 Adae,
553 3599 674 3656 terrena
685 3593 857 3667 dileximus,
874 3593 919 3656 ita
930 3594 1070 3676 exemplo
1082 3593 1207 3670 Christi,
1226 3619 1291 3663 coe-

296 3692 387 3756 lestia
405 3689 578 3774 diligamus.
607 3725 647 3739 —
675 3689 758 3754 Caro
776 3703 807 3753 et
824 3699 968 3777 sanguin.
985 3690 996 3777 ]
1015 3689 1095 3756 Caro
1113 3700 1145 3755 et
1166 3701 1292 3780 sanguis

297 3799 346 3856 est
353 3791 519 3855 humanum
532 3795 565 3853 et
577 3789 769 3872 corruptibile
782 3811 902 3874 corpus.
915 3792 959 3855 Et
973 3798 1021 3855 est
1035 3812 1152 3869 sensus,
1170 3795 1223 3876 qui
1238 3818 1290 3860 se·

296 3891 427 3956 cundum
441 3888 611 3972 appetitum
626 3889 673 3952 sui
685 3889 820 3973 corporis
834 3888 957 3964 vixerit,
973 3911 1100 3976 regnum
1113 3893 1173 3959 Dei
1187 3896 1290 3978 possi·

295 3992 367 4054 dere
376 3989 563 4072 nonpoterit.
592 4023 633 4037 -
656 3986 819 4073 Absorpto
829 4000 876 4050 est
886 3989 1050 4076 mors.]ln
1058 3991 1117 4055 fine
1125 3993 1289 4057 saeculiab-

295 4096 401 4173 sorpta
416 4088 473 4151 erit
493 4107 576 4151 mors
595 4092 627 4150 et
647 4086 774 4161 animae,
793 4093 826 4150 et
841 4087 976 4170 corporis
996 4088 1027 4150 in
1050 4089 1199 4155 victoria:
1219 4093 1290 4175 quia

294 4187 385 4253 victis
399 4187 429 4249 in
444 4207 534 4252 carne
550 4207 706 4250 servorum
720 4185 779 4250 Dei
794 4187 1045 4270 concupiscentiis
1058 4190 1217 4264 omnibus;
1232 4211 1290 4256 nec

294 4288 433 4373 ipsi,nec
444 4286 558 4369 aliquid
567 4288 647 4352 ultra
659 4286 815 4350 morietur.
824 4289 884 4351 Est
895 4293 1000 4382 autem
1012 4289 1069 4353 hoc
1081 4289 1289 4353 testimonium
1324 4348 1331 4357 .
