3184 5442
554 695 760 740 ntucronnrun
784 700 851 741 srva
875 701 1032 744 amincus.
1223 688 1289 751 255

295 843 342 899 est
358 841 534 919 peccatum,
553 853 605 896 cur
619 832 701 897 ducit
714 853 801 896 meus
815 831 909 896 frater
924 855 1023 898 meam
1035 845 1067 901 et
1078 859 1164 904 suam
1175 862 1289 928 cogna-

295 937 379 1000 taml
403 935 500 1020 Igitur
513 934 678 998 secundum
693 941 836 997 naturam
851 943 1010 1017 peccatum
1023 938 1138 1003 nullum
1155 950 1220 1019 est,
1235 946 1289 1008 sed

294 1036 459 1100 secundum
475 1034 668 1097 interdictum
684 1055 778 1118 grave
794 1042 842 1097 est
857 1035 1019 1117 piaculum.

338 1137 381 1200 D.
407 1135 439 1198 N
440 1155 477 1196 on
492 1155 617 1217 possum
633 1133 802 1218 intelligere
817 1135 970 1217 quomodo
991 1136 1032 1199 sit
1049 1137 1187 1204 illicitum
1205 1162 1290 1206 com-

295 1242 409 1298 matres
419 1235 469 1297 vel
481 1232 588 1295 filiolas
602 1233 723 1296 ducere.
741 1267 785 1279 —
794 1232 842 1295 M.
856 1233 928 1295 Hoc
942 1233 1047 1310 etiarn,
1062 1236 1141 1301 sicut
1152 1241 1290 1322 superius

295 1335 377 1410 dixi,
391 1336 555 1398 secumdum
568 1342 710 1396 naturam
723 1354 783 1395 non
799 1340 847 1396 est
862 1341 1040 1415 peccatum,
1055 1339 1109 1400 sed
1124 1343 1290 1406 secundum

295 1442 529 1499 sacramentum.
544 1432 642 1498 Sicuti
653 1432 734 1494 enim
745 1452 824 1494 uxor
836 1439 947 1496 tuaest
961 1434 1015 1496 filii
1028 1436 1074 1498 tui
1085 1447 1184 1503 mater
1196 1441 1227 1504 in
1239 1464 1291 1527 ge

294 1535 466 1608 neratione,
479 1532 523 1596 sic
533 1531 596 1605 illa,
610 1551 678 1613 quae
690 1551 760 1593 eum
772 1532 898 1615 suscipit
909 1533 947 1595 de
963 1532 1057 1608 fonte,
1071 1537 1106 1600 fit
1117 1539 1182 1622 ejus
1193 1551 1291 1606 mater

294 1633 326 1696 in
346 1632 495 1717 spirituaii
509 1631 757 1716 regeneratione,
775 1639 807 1695 et
828 1632 873 1694 ita
892 1634 927 1696 fit
949 1640 1000 1695 tua
1017 1645 1184 1700 commater
1206 1661 1291 1704 soror

294 1732 398 1796 uxoris
411 1741 489 1803 tuae,
506 1739 539 1794 et
553 1730 645 1793 filiola
659 1731 694 1794 fit
704 1733 789 1793 'soror
803 1730 871 1793 filiae
886 1740 956 1794 tuae.
971 1732 1119 1797 Similiter
1129 1737 1156 1798 si
1168 1747 1202 1800 tu
1216 1741 1291 1804 alte

294 1833 357 1896 rius
377 1833 470 1896 filiam
491 1829 657 1901 levaverim
680 1837 853 1912 compater,
876 1831 995 1906 idest,
1018 1831 1112 1897 frater
1129 1837 1176 1899 sui
1196 1840 1291 1921 patris

294 1933 370 2007 eris;
385 1941 417 1997 et
429 1953 490 1995 non
504 1931 575 1994 licet
587 1929 631 1992 illi
645 1930 722 1992 duas
736 1950 872 2003 sororcS,
891 1937 945 1993 aut
959 1931 1077 1995 mulieri
1092 1935 1168 1999 duos
1182 1936 1291 2002 fratres

294 2034 441 2117 accipere
460 2033 556 2116 Igitur
571 2050 627 2113 per
640 2038 864 2093 sacramentum
878 2029 940 2093 tale
954 2034 1125 2118 conjugium
1140 2045 1188 2100 est
1202 2041 1289 2121 peni-

256 2170 264 2186 ·
294 2145 345 2197 tus
358 2132 509 2197 illicitum.
602 2212 606 2219 Α

337 2235 379 2298 1).
405 2232 536 2314 Propter
547 2231 630 2312 quod
641 2229 884 2293 sacramentuml
900 2265 941 2277 -
953 2231 999 2294 M.
1017 2231 1078 2295 Per
1091 2237 1211 2300 contule
1221 2259 1291 2303 con

294 2332 419 2396 nubium
431 2331 617 2414 significatur
628 2328 742 2394 Christi
755 2337 787 2392 et
797 2329 942 2392 Ecclesia
957 2342 1190 2400 sacramentum.
1204 2338 1291 2404 Sicut

295 2431 376 2496 enim
393 2432 441 2495 vir
460 2430 579 2494 mulieri
600 2429 798 2505 commixtus
817 2451 912 2493 unum
932 2453 1001 2495 cum
1021 2454 1058 2497 ea
1075 2435 1203 2501 efficitur
1222 2463 1228 2501 :
1246 2441 1291 2504 ita

295 2531 432 2596 Ecclesia
452 2550 507 2614 per
529 2528 775 2593 commixtionem
797 2530 933 2611 corporis
957 2530 1088 2613 Christi,
1105 2557 1199 2599 unum
1222 2560 1291 2602 curn

295 2631 378 2715 ipso,
394 2638 425 2694 et
435 2630 502 2714 ipse
513 2649 567 2712 per
578 2628 818 2711 assumptionem
829 2629 969 2693 humanae
980 2643 1106 2707 naturae,
1118 2656 1211 2699 unum
1222 2659 1290 2700 cnm

296 2753 334 2795 ea
349 2729 488 2805 efficitur,
504 2737 541 2792 ut
555 2729 664 2792 dicitur
680 2752 686 2790 :
710 2758 722 2780 u
739 2730 842 2792 Erunt
852 2730 912 2792 duo
923 2729 955 2790 in
967 2751 1057 2793 carne
1067 2752 1148 2806 una;
1167 2757 1224 2819 ego
1239 2759 1291 2800 au-

296 2845 359 2893 tem
375 2830 443 2894 dico
459 2830 490 2893 in
509 2829 648 2902 Christo,
663 2836 695 2891 et
712 2829 743 2890 in
762 2829 909 2892 Ecclesia.
929 2861 942 2882 n
960 2829 1047 2894 Sicut
1067 2851 1140 2916 ergo
1158 2833 1292 2898 humana

295 2941 406 2994 natura
417 2930 568 2995 aChristo
579 2936 645 2992 erat
657 2928 768 3003 aliena,
782 2949 874 3009 quam
890 2927 946 2990 sibi
958 2930 1129 3014 conjunxit;
1143 2932 1187 2994 ita
1201 2934 1291 2997 debet

296 3028 421 3092 foemina
432 3050 499 3094 esse
510 3050 547 3094 er
561 3028 660 3092 aliena
672 3026 841 3110 parentela,
855 3049 948 3111 quam
959 3027 1007 3091 vir
1019 3029 1050 3091 in
1065 3031 1290 3095 matrimonium

297 3128 389 3194 ducit.

341 3228 382 3292 D.
409 3227 492 3306 Quid
514 3227 553 3290 de
576 3225 793 3297 commatribus
813 3233 845 3289 et
866 3225 1031 3289 filiolabusl
1057 3261 1095 3274 -
1120 3227 1164 3290 M.
1196 3226 1290 3291 Com-

298 3335 411 3410 matres
435 3335 467 3391 et
490 3326 589 3389 filioloe
605 3326 673 3388 ideo
689 3326 776 3388 nonis
789 3325 821 3387 in
837 3326 946 3408 copula
962 3325 1199 3401 interdicuntur,
1218 3329 1291 3411 quia

297 3427 384 3489 nobis
414 3426 610 3508 spiritualiter
640 3426 672 3487 in
697 3434 888 3489 sacramento
917 3427 1084 3511 conjunctae
1105 3434 1288 3501 noscuntur;

298 3535 330 3588 et
344 3524 501 3610 indignum
516 3524 670 3609 judicatur
684 3535 719 3587 ut
744 3524 782 3587 de
806 3524 956 3607 spirituali
969 3525 1009 3587 ad
1027 3525 1147 3588 carnale
1164 3526 1291 3590 descen-

298 3625 399 3687 datur.

343 3724 383 3786 D.
410 3723 498 3787 Licet
511 3724 686 3812 plusquam
699 3743 792 3785 unam
803 3743 930 3786 uxorem
945 3723 1074 3786 duceret
1092 3759 1133 3770 —
1148 3725 1193 3787 M.
1206 3725 1293 3788 Sicut

298 3821 438 3886 Christus
448 3843 508 3884 non
521 3822 580 3884 nisi
595 3823 647 3884 uni
658 3821 813 3886 catholicae
823 3823 967 3886 Ecclesia
976 3823 1154 3904 copulatur,
1168 3825 1211 3887 sic
1223 3825 1292 3908 lege

298 3921 402 3986 divina
415 3922 463 3985 vir
472 3924 541 4008 jure
554 3943 614 3984 non
628 3921 685 3985 nisi
703 3922 755 3984 uni
774 3922 892 3986 mulieri
903 3925 1072 3987 associatur
1086 3947 1093 3984 :
1108 3925 1188 3987 unde
1202 3926 1292 4007 primi

299 4032 403 4104 patres
420 4023 544 4105 nuptias
563 4022 711 4104 repetisse
729 4043 789 4084 non
809 4023 962 4106 legimtur.
980 4022 1070 4099 Quod
1091 4032 1194 4085 autem
1213 4025 1293 4087 inter

299 4119 488 4186 Christianos
504 4143 565 4184 una
580 4131 700 4183 mortua
713 4121 773 4185 alia
787 4122 921 4196 ducitur,
937 4142 996 4183 non
1011 4129 1060 4184 est
1074 4121 1210 4184 divinum
1223 4124 1291 4206 jus-

299 4240 378 4292 sum,
396 4221 451 4285 sed
467 4220 664 4303 apostolicum
680 4220 859 4302 permissum
872 4223 910 4283 ob
922 4219 1145 4284 incontinentiae
1159 4221 1291 4284 medica·
