3184 5442
422 737 510 778 urana
534 737 572 777 oa
596 736 791 778 conponam
815 738 905 779 sano.
933 739 1053 781 nonrnr.
1172 723 1236 785 169

224 892 227 897 ·
242 875 309 938 vult
324 875 502 939 sacrificium
519 875 640 939 contriti
659 874 769 938 cordis.
788 907 801 929 ἰ
826 877 869 938 Et
886 877 977 959 paulo
999 885 1083 961 post:
1111 880 1236 944 “Porro

243 980 346 1039 autem
359 974 582 1051 misericordia,
597 995 702 1038 verum
714 974 892 1039 sacrificium
902 982 961 1039 est.
974 1009 987 1031 n

204 1275 208 1284 ’
286 1286 339 1349 13.
366 1287 508 1371 Baianus.
537 1283 757 1369 “Augustinus
776 1286 808 1348 in
831 1288 959 1370 epistola
982 1289 1022 1351 ad
1042 1288 1233 1355 Bonifacium

241 1388 444 1470 Episcopum:
473 1387 508 1449 Si
529 1393 720 1449 sacramenta
745 1407 865 1464 rerum,
895 1409 1022 1471 quarum
1046 1399 1236 1456 sacramenta

240 1494 328 1565 sunt,
346 1486 573 1550 similitudinem
585 1506 645 1547 non
657 1485 821 1564 haberent,
836 1488 958 1551 omnino
971 1500 1161 1554 sacramenta
1174 1514 1234 1554 non

240 1596 352 1651 essent.
375 1589 460 1651 Idem
482 1588 520 1650 de
532 1587 754 1651 catechizandis
773 1589 916 1661 rudibus;
937 1590 1092 1673 signacula
1110 1591 1234 1674 quidem

240 1708 341 1750 rerum
359 1686 530 1750 divinarum
546 1694 617 1750 sunt
639 1686 786 1766 visibilia,
804 1689 859 1751 sed
880 1709 928 1750 res
948 1688 1114 1753 invisibiles
1134 1690 1165 1752 in
1190 1693 1234 1754 eis

241 1788 568 1852 honorantur..Necsic
580 1788 719 1863 habenda
730 1796 778 1851 est
793 1789 911 1871 species
925 1790 1133 1854 benedictione
1144 1811 1233 1854 sanc-

239 1889 371 1967 tificata,
391 1891 646 1973 quemadmodum
661 1889 790 1952 habetur
805 1889 835 1950 in
847 1909 903 1951 usu
915 1889 1079 1971 quolibetn

282 1990 403 2056 Larua.
422 1990 492 2053 Hoc
509 1989 648 2073 ignorare
667 1989 828 2071 quisquam
848 1989 971 2070 nequit,
987 1988 1169 2072 quicumque
1183 1992 1232 2054 vel

239 2096 361 2152 tenuem
381 2090 474 2152 sacris
489 2088 597 2152 litteris
612 2109 736 2171 operam
757 2087 916 2170 impendit.
935 2088 1134 2151 Sacramenta
1152 2089 1232 2152 enim

238 2188 357 2250 illarum
366 2208 483 2265 rerum,
497 2208 626 2270 quarum
643 2194 833 2250 sacramenta
847 2193 936 2264 sunt,
956 2208 1075 2268 semper
1090 2187 1232 2251 similitu-

239 2287 340 2351 dinem
361 2296 493 2373 gerunt:
513 2288 592 2351 sicut
612 2287 643 2348 in
662 2295 869 2365 sacramento,
886 2288 924 2350 de
942 2309 1001 2370 quo
1021 2287 1086 2351 haec
1109 2289 1234 2370 quaestio

238 2389 419 2466 ventilatur,
436 2389 516 2469 ndum
538 2386 686 2470 frangitur
706 2387 825 2465 hostia,
848 2389 921 2450 dum
941 2388 1066 2473 sanguis
1087 2388 1126 2450 de
1141 2389 1234 2453 calice

238 2489 269 2552 in
284 2510 337 2552 ora
351 2489 483 2551 fidelium
494 2487 647 2563 funditur,
663 2487 737 2570 quid
747 2488 830 2551 aliud
842 2510 932 2571 quam
946 2489 1086 2552 dominici
1100 2490 1233 2572 corporis

238 2589 269 2652 iu
281 2610 368 2652 cruce
381 2588 549 2651 immolatio
563 2640 569 2662 ,
584 2591 711 2674 eJusque
724 2589 878 2672 sanguinis
895 2590 933 2652 de
946 2589 1040 2653 latere
1060 2589 1165 2652 effusio
1178 2590 1231 2652 de·

239 2689 392 2772 signaturl
429 2688 575 2770 Alioquin
608 2695 831 2752 sacramentum
863 2710 923 2750 non
949 2696 1051 2766 esset,
1078 2689 1104 2751 si
1129 2710 1232 2752 sacra-

239 2790 333 2853 menti
347 2810 458 2852 nomen
473 2811 510 2852 eo
526 2788 711 2872 intelligatur
723 2789 830 2866 modo,
846 2809 905 2870 quo
920 2810 998 2852 nunc
1013 2789 1228 2873 intelligimuS,

239 2898 270 2953 et
286 2889 413 2973 intelligi
428 2910 447 2952 a
462 2889 639 2961 lectoribus,
655 2907 710 2949 seu
721 2887 909 2950 auditoribus
927 2887 1124 2950 aestimamus.
1145 2887 1231 2950 Dici-

239 2997 288 3052 tur
309 3009 441 3072 namque
463 2995 686 3051 sacramentum
709 2988 801 3050 etiam
823 2987 1050 3073 jusjurandum,
1071 3008 1131 3048 non
1150 2969 1231 3069 qriod

241 3088 283 3151 rei
295 3088 462 3174 cujuspiam
474 3087 703 3150 similitudinem
718 3086 850 3148 habeat:
865 3085 919 3146 sed
933 3084 1006 3166 quia
1023 3106 1115 3167 supra
1126 3107 1174 3149 res
1185 3108 1232 3150 sa-

239 3207 305 3251 cras
318 3188 444 3273 alicujus
458 3187 502 3250 rei
514 3186 721 3263 confirmatio,
739 3186 787 3248 vel
805 3184 926 3268 negatio
938 3186 1003 3246 fiat.
1022 3184 1113 3246 Unde
1124 3186 1232 3248 beatus

238 3288 403 3370 Gregorius
429 3288 470 3348 in
483 3287 611 3369 epistola
634 3286 675 3348 ad
695 3285 869 3348 Justinum:
906 3313 917 3334 u
943 3283 995 3347 Ad
1015 3283 1097 3346 beati
1112 3283 1228 3367 inquit,

239 3386 323 3450 Petri
334 3386 570 3450 sacratissimum
589 3407 698 3468 corpus
709 3384 847 3448 districta
865 3405 934 3447 eum
951 3404 990 3446 ex
1005 3384 1170 3448 abundanti
1189 3383 1232 3448 fe-

240 3487 334 3550 cimus
359 3493 548 3550 sacramenta
571 3488 733 3569 praebere„
748 3516 760 3538 »
780 3484 901 3548 Dicitur
923 3505 1044 3568 quoque
1064 3505 1232 3548 sacramen-

240 3599 304 3649 tum
315 3587 442 3672 alicujus
456 3587 499 3648 rei
513 3587 642 3650 sacratio
654 3609 661 3659 ;
680 3587 757 3649 sicut
771 3593 985 3670 argumentum
1001 3585 1100 3648 dubiae
1116 3585 1160 3648 rei
1180 3608 1233 3670 ap

240 3687 394 3768 probatio,
415 3685 624 3749 fulcimentum
643 3707 757 3750 casurae
774 3685 818 3747 rei
832 3685 1023 3748 sustentatio.
1053 3686 1131 3748 Illud
1159 3706 1232 3749 vero

240 3787 320 3867 quod
341 3808 380 3850 ex
400 3786 476 3848 libro
490 3787 529 3848 de
546 3784 767 3849 catechizandis
782 3784 906 3846 rudibus
925 3784 1131 3872 assumpsisti,
1152 3806 1233 3848 asse-

242 3905 309 3949 rens
323 3885 354 3947 in
369 3888 457 3948 rebus
471 3886 639 3948 visibilibus
654 3906 702 3948 res
722 3878 888 3946 invisibiles
900 3882 1108 3957 honorandas,
1122 3903 1178 3946 nec
1190 3883 1233 3947 sic

239 3986 408 4048 habendam
427 3986 559 4069 speciem
575 3986 783 4049 benedictione
800 3983 1020 4047 sanctificatam
1038 3984 1234 4066 quemadmo

240 4085 382 4148 dumnon
398 4086 634 4159 sanctificatam,
653 4085 726 4168 quid
748 4093 808 4146 tuae
822 4082 903 4165 parti
926 4082 1039 4165 prosit,
1060 4083 1150 4166 plane
1172 4103 1232 4145 non

238 4183 336 4245 video.
356 4184 455 4246 Immo
474 4183 570 4267 magis
589 4183 709 4246 videtur
731 4189 816 4244 tuam
835 4201 1011 4263 oppugnare
1026 4181 1228 4256 sententiam,

239 4290 349 4346 nostrae
376 4283 453 4346 serre
477 4283 653 4346 subsidium.
678 4283 745 4346 Nos
770 4279 883 4343 etenim
908 4280 938 4341 in
960 4279 1059 4361 specie
1074 4280 1178 4362 panis,
1200 4285 1232 4341 et
