3184 5442
521 679 636 722 ouossu
661 678 693 721 in
716 678 766 720 ur.
792 678 833 719 nu
858 678 932 720 non.
1182 655 1223 717 27
1311 700 1316 708 .

228 826 273 883 tes
283 819 411 887 interfici
422 820 549 905 jubebat
559 841 567 883 ι
579 819 650 893 Vel,
669 839 738 902 quae
750 819 908 901 passiones
919 825 1141 902 peccatorum,
1159 838 1227 902 que

225 939 309 982 mors
329 919 439 982 eriimae
454 925 547 995 sunt,
562 917 795 1002 prohibitionem
817 919 961 1002 augebat.
986 953 1030 966 -
1052 918 1223 981 Peccatum

226 1040 290 1080 nou
317 1024 459 1104 cognovi.
473 1016 531 1103 ]1d
555 1023 623 1092 est,
640 1023 759 1080 tantm
780 1014 844 1079 vim
863 1015 1114 1100 concupiscentie
1131 1024 1224 1082 anteo

225 1139 286 1182 non
307 1139 392 1182 erum
413 1124 576 1201 expertus;
591 1123 738 1200 quantem
764 1123 888 1201 postea:
901 1117 984 1200 quod
1005 1117 1135 1202 eognovi
1155 1138 1223 1182 esee

224 1217 423 1302 prohibitum.
435 1215 1219 1301 Velnesoiebumeoncupiscentiamessepeooutum.

227 1354 271 1367 -·
293 1317 401 1403 Supra
423 1315 583 1401 modum]
597 1316 635 1380 Id
653 1322 719 1391 est,
736 1315 839 1379 valde.
863 1315 968 1380 Ordo:
987 1317 1034 1380 Ut
1051 1325 1221 1399 peecatum,

227 1417 358 1492 soilioet,
375 1422 498 1487 auctum
510 1436 565 1499 per
578 1421 738 1499 peccatum
749 1416 804 1478 fiat
818 1435 912 1499 supra
925 1415 1062 1479 modum.
1076 1416 1222 1492 peccaris,

228 1518 261 1579 id
276 1524 342 1590 est,
359 1535 489 1598 peccans
504 1514 554 1590 ei,
572 1513 732 1579 locutionis
749 1515 856 1590 modo,
875 1535 936 1598 quo
951 1514 1084 1598 qualitas
1097 1523 1226 1581 vocatur

232 1616 339 1699 quole3
357 1635 393 1677 eo
407 1614 489 1696 quod
503 1611 596 1677 faciat
618 1615 715 1697 quale.
742 1649 782 1662 -
807 1613 933 1676 Scimus
947 1621 1041 1677 enim.
1055 1614 1068 1700 ]
1080 1615 1226 1680 Probatio

232 1714 315 1797 quod
328 1713 377 1776 lex
392 1713 503 1776 bonum
517 1720 573 1776 est.
593 1714 693 1779 Omne
712 1712 793 1776 enim
813 1712 991 1796 spirituale,
1006 1713 1040 1775 id
1053 1722 1118 1784 est,
1134 1714 1225 1797 spiri-

231 1821 296 1876 tum
313 1811 449 1876 nutriens
461 1813 572 1876 bonum
587 1818 646 1877 est.
663 1847 703 1861 -
720 1811 817 1896 Quod
827 1818 911 1873 enim
922 1832 1046 1896 operor.
1059 1811 1070 1896 ]
1081 1811 1226 1877 Probetio

230 1912 314 1996 quod
337 1912 600 1983 venundatuseet
623 1913 679 1977 sub
693 1917 831 1995 peccato.
855 1909 891 1974 In
905 1916 1025 1974 tentum
1045 1910 1127 1973 enim
1149 1931 1224 1994 pee-

230 2021 332 2078 coum
349 2013 579 2089 dominatur,ut
589 2019 732 2096 operetur
745 2010 829 2095 quod
845 2030 907 2074 non
924 2010 1003 2074 vult.
1028 2044 1072 2058 -
1095 2009 1170 2073 Nou
1180 2018 1228 2074 in·

231 2112 349 2200 telbgo.
360 2112 372 2199 ]
382 2113 557 2197 Acceptum
576 2133 637 2176 non
657 2111 755 2176 habeo
769 2134 776 2184 ;
790 2111 870 2175 siout
883 2111 915 2173 in
926 2110 1051 2174 Psalmo
1061 2131 1069 2174 :
1079 2110 1228 2200 Intellige

230 2213 400 2277 clamorem
429 2236 543 2278 mum.
568 2249 613 2262 -
640 2213 736 2300 Quod
763 2212 876 2300 nolo]
900 2213 951 2278 De
983 2213 1228 2298 concupiscentia

230 2313 288 2379 hoo
297 2313 529 2399 intelligendum
543 2323 602 2379 est.
621 2312 718 2393 Quasi
732 2313 848 2378 diceret
866 2312 976 2376 vellem
991 2333 1098 2378 cavere
1113 2335 1227 2380 oonou-

230 2410 679 2498 pisoentiam‚etnonpossum.
706 2447 746 2471 ,-
771 2411 845 2474 Scio
854 2409 1034 2496 enim.]Per
1042 2411 1226 2476 'ablutionem

231 2511 320 2576 unius
330 2511 491 2586 eontrani,
505 2533 590 2576 more
601 2533 656 2576 suo
667 2513 777 2594 probet
791 2512 932 2576 alterum.
948 2510 1029 2590 Quia
1038 2510 1071 2574 in
1084 2512 1228 2598 religione

231 2609 423 2687 Christiano,
440 2611 623 2676 immediate
634 2621 706 2677 sunt
717 2614 830 2676 bonum
843 2619 876 2676 et
884 2612 1011 2677 malurn
1024 2611 1133 2676 Omnis
1147 2612 1227 2676 enirn

234 2711 325 2775 homo
348 2713 515 2776 seeundum
530 2712 708 2798 religionem
726 2710 951 2786 Christianam,
968 2718 1023 2775 aut
1041 2712 1157 2786 bonus,
1174 2719 1229 2776 aut

105 2840 107 2844 ·
234 2810 333 2874 molus
347 2817 407 2874 est
437 2846 474 2861 -
500 2809 585 2872 Nom
598 2809 1009 2896 velleadjacet.]Probetio
1023 2811 1105 2894 quod
1115 2811 1228 2874 bonum

234 2928 294 2970 non
318 2908 435 2974 habitet
459 2909 491 2973 in
513 2928 603 2972 earne
626 2929 693 2973 sua.
722 2907 823 2973 Omne
843 2909 924 2972 enim
943 2910 1073 2983 bonurn,
1091 2908 1174 2991 quod
1196 2908 1228 2970 in

237 3006 357 3072 homine
375 3016 443 3082 est.
465 3016 521 3073 eut
542 3010 622 3073 bona
637 3008 800 3084 voluntas,
818 3016 872 3071 eut
892 3009 974 3072 bona
996 3008 1145 3089 operatio.
1165 3007 1229 3070 Sed

238 3105 332 3182 velle,
348 3106 465 3191 inquit,
484 3109 597 3172 bonum
616 3128 679 3172 non
693 3113 742 3171 est
759 3106 791 3168 in
805 3125 896 3170 cerne
911 3123 989 3168 meu.
1005 3105 1056 3169 Ex
1072 3103 1228 3169 vicinitate

235 3203 316 3268 enim
339 3205 448 3271 animae
468 3206 606 3292 adjacet,
626 3207 659 3270 id
688 3214 756 3280 est,
782 3204 892 3269 vitium
916 3203 973 3269 sibi
995 3210 1053 3269 est.
1080 3203 1230 3269 Perfioere

234 3313 339 3368 eutem
363 3303 499 3381 bonum,
516 3304 549 3368 id
567 3311 637 3378 est.
661 3304 870 3390 operationem
895 3305 1007 3370 bonam
1029 3325 1090 3368 non
1108 3303 1229 3369 invenio

238 3401 475 3470 ineehuhitare.
489 3405 563 3471 Non
577 3403 669 3489 igitur
684 3406 798 3470 bouum
809 3405 900 3481 mihi,
914 3405 1025 3482 idest,
1039 3404 1121 3470 oerni
1135 3424 1226 3469 meoe:

236 3523 294 3567 non
319 3503 398 3568 euim
418 3505 500 3589 quod
516 3505 606 3569 volo:
630 3505 718 3588 quasi
740 3504 873 3583 diceret,
890 3507 1003 3569 bouum
1024 3525 1086 3568 non
1106 3503 1227 3568 invenio

236 3603 393 3678 habiture.
410 3605 464 3669 sed
479 3605 591 3669 mulum
611 3605 696 3689 quod
716 3626 786 3690 ago.
815 3641 855 3654 -
879 3605 1009 3668 Invenio
1030 3601 1227 3690 ergo.]Gon-

236 3702 331 3767 cludit
351 3704 433 3787 quod
456 3706 595 3789 superius
614 3707 807 3789 querebatur
820 3757 826 3780 ,
841 3714 873 3771 et
883 3707 1045 3789 probatum
1063 3710 1111 3768 est
1130 3702 1230 3786 legem

236 3822 303 3866 esee
321 3804 450 3878 bonum,
477 3804 503 3868 si
524 3813 628 3870 tamen
653 3805 765 3869 bonurn
788 3805 875 3870 velit.
902 3841 942 3854 -
965 3805 1091 3890 Legem.
1105 3800 1116 3887 ]
1131 3801 1228 3867 Ordo.

237 3900 362 3965 Invenio
380 3902 479 3988 legem
502 3905 634 3979 boumn,
652 3904 725 3968 mihi
747 3904 862 3969 volenti
879 3901 979 3969 fucere
992 3905 1117 3967 bonurn.
1134 3900 1231 3979 Quasi

236 3999 369 4066 diceret:
388 4002 423 4068 Si
439 4003 519 4067 bona
534 4024 594 4089 ugo
605 4054 613 4079 ,
626 4003 682 4068 lex
701 4003 776 4067 mihi
791 4005 872 4068 bonu
897 4011 956 4068 est.
985 4001 1020 4068 Si
1035 4020 1108 4065 vero
1127 3999 1227 4073 mula,

236 4098 287 4164 lex
306 4099 381 4164 mihi
405 4123 489 4166 mors
508 4110 566 4168 est.
595 4138 634 4153 —
665 4101 791 4166 Volenti
815 4101 925 4189 mile]
944 4101 1096 4167 Voluntas
1122 4099 1231 4164 anime

236 4207 303 4277 est,
322 4219 390 4283 quae
412 4201 443 4265 in
465 4203 533 4266 Deo
563 4204 675 4266 bonum
700 4203 767 4268 vult
791 4201 912 4278 faeere,
930 4208 966 4265 ut
991 4200 1105 4265 mulum
1129 4198 1231 4281 expel-
