3184 5442
487 721 604 765 cuossu
628 723 659 765 m
685 720 733 766 ar.
760 724 802 765 un
825 724 933 765 uenas.
1145 707 1210 794 105

215 865 316 929 Nemo
324 871 407 926 euim
415 885 564 949 uuquam.
574 861 708 948 ]Probat
715 862 860 946 quodviri
869 883 996 946 corpora
1004 885 1060 928 sua
1069 863 1208 951 diligant..

217 1001 258 1015 -
285 963 372 1050 Quia
392 961 531 1026 membra
551 967 692 1049 corporis
713 963 793 1048 ejus.
814 961 825 1047 l
844 962 952 1027 Potest
975 962 1053 1048 legi,
1078 965 1213 1048 corporis

216 1067 281 1152 ejus
294 1063 463 1129 constantis
473 1063 512 1126 de
523 1083 613 1127 came
625 1070 658 1127 et
673 1061 790 1126 ossibus
804 1062 887 1149 ejuS,
905 1061 937 1125 id
953 1071 1016 1138 est,
1033 1064 1073 1127 de
1086 1064 1213 1128 infirmis

215 1174 247 1230 et
258 1166 365 1242 firmis,
378 1163 427 1228 vel
439 1164 478 1227 de
490 1184 582 1228 carne
594 1170 626 1226 et
638 1163 757 1227 ossibus
770 1164 837 1248 ejus
848 1183 952 1227 sumus
966 1166 1114 1241 membra,
1127 1186 1212 1229 eam·

215 1267 285 1353 dem
300 1285 435 1338 carnem,
449 1273 481 1327 et
492 1263 600 1326 eadem
615 1283 687 1326 ossa
700 1262 856 1337 habentia,
871 1283 939 1345 quae
948 1263 1015 1347 ipse
1026 1264 1143 1329 habuit.
1170 1302 1211 1315 -

215 1367 351 1451 Propter
365 1365 425 1428 hoc
441 1363 596 1450 relinquet
608 1361 732 1448 homo]
746 1363 839 1440 Quia,
857 1363 966 1446 inquit,
984 1385 1040 1427 nos
1054 1385 1160 1429 sumus
1174 1366 1213 1429 de

216 1485 318 1541 carne,
333 1472 365 1528 et
378 1465 417 1528 de
429 1463 547 1527 ossibus
558 1463 623 1549 ejus
636 1485 643 1537 ;
658 1470 783 1548 propter
793 1462 852 1526 hoc
868 1462 943 1526 sicut
961 1465 1168 1547 scriptumest
1181 1466 1213 1530 in

216 1565 347 1638 Genesi,
367 1564 520 1651 relinquet
538 1564 675 1627 Verbum
696 1562 802 1627 Patris
820 1562 872 1645 qui
888 1561 1008 1627 futurus
1029 1572 1077 1628 est
1099 1564 1209 1641 homo,

209 1679 350 1751 putrem,
365 1664 397 1727 id
409 1672 468 1739 est,
481 1685 541 1727 non
554 1663 693 1726 eamdem
706 1661 871 1731 essentiam
882 1681 1044 1746 apparens
1058 1664 1211 1748 quiscum

215 1763 309 1829 Patre
320 1771 490 1846 permanet,
509 1774 540 1824 ot
551 1773 696 1839 matrem,
713 1760 745 1822 id
757 1768 816 1835 est,
831 1761 1043 1846 Synagogam,
1061 1776 1092 1825 et
1103 1763 1212 1826 adlae-

216 1862 298 1927 relu‘t
308 1870 402 1926 uxori
415 1885 495 1939 cuce,
509 1862 542 1925 id
556 1869 615 1936 est,
629 1859 786 1925 Ecclesiae.
805 1859 858 1924 Sic
872 1868 975 1924 autem
990 1861 1099 1926 dicitur
1113 1884 1214 1928 sacra·

216 1968 366 2027 mentum.
384 1963 447 2027 Sed
458 1971 561 2026 tamen
577 1961 719 2045 quamvis
730 1961 768 2023 de
780 1959 905 2024 Christo
917 1959 1036 2032 dicitur,
1055 1968 1159 2044 potest
1173 1964 1214 2026 ad

216 2061 350 2126 litteram
370 2061 517 2146 intelligi;
541 2068 575 2124 ut
595 2060 682 2123 multi
705 2057 869 2143 diligentes
888 2079 1000 2123 uxores
1024 2067 1158 2142 patrem,
1182 2070 1214 2125 et

113 2218 116 2223 .
216 2169 345 2225 matrem
360 2160 542 2245 relinquant.
556 2163 600 2225 Et
615 2161 670 2225 hoc
682 2169 747 2233 est;
768 2159 1003 2235 Verumtamen,
1017 2173 1049 2222 et
1063 2183 1136 2239 vos,
1150 2175 1210 2225 etc.

218 2296 259 2310 -
284 2260 536 2323 Sacramentum.
561 2259 572 2346 ]
592 2261 682 2338 Quod
702 2260 740 2323 de
762 2259 828 2323 viro
847 2267 880 2325 el
900 2281 995 2324 uxore
1015 2259 1105 2336 dicit,
1124 2264 1214 2327 etad

217 2357 352 2424 litteram
360 2359 591 2445 intelligendum
603 2366 651 2422 est
661 2359 827 2423 secundum
839 2359 941 2424 saeculi
952 2361 1210 2438 consuetudinem,

217 2465 250 2524 et
266 2458 462 2543 spiritualiter
473 2460 511 2523 de
526 2458 650 2523 Christo
664 2466 697 2523 et
711 2459 860 2523 Ecclesia.
875 2460 1000 2524 Patrem
1015 2460 1156 2525 Christus
1169 2481 1214 2524 re

217 2557 353 2641 linquere
366 2558 451 2623 visus
465 2566 531 2634 est,
552 2558 673 2642 quando
689 2558 889 2642 semetipsum
904 2558 1090 2634 exinanivit,
1104 2568 1136 2624 et
1149 2559 1213 2623 for-

216 2677 300 2721 mam
314 2657 395 2744 servi
409 2657 538 2742 accepit.
553 2657 688 2723 Matrem
703 2659 913 2744 Synagogam,
926 2679 1039 2742 exque
1051 2666 1142 2722 natus
1151 2669 1210 2732 est,

217 2757 358 2841 reliquit;
383 2760 504 2842 quando
523 2758 592 2843 ipsa
614 2758 645 2821 in
670 2779 726 2821 sua
748 2759 928 2837 infidelitate
951 2758 1151 2843 persistente,
1173 2758 1214 2821 ad

217 2857 443 2940 predicandum
456 2858 608 2922 Gentibus
621 2857 789 2942 Apostolos
804 2858 904 2935 misit,
919 2865 951 2922 et
965 2879 1005 2921 ex
1019 2878 1124 2920 eorum
1139 2876 1213 2919 con·
1265 2934 1271 2944 ι

217 2955 367 3032 versione,
382 2956 520 3021 Ecclesia
532 2963 728 3042 congregata,
744 2955 832 3040 quasi
843 2978 962 3040 sponsae
974 2977 1104 3039 sponsus
1114 2955 1214 3018 adha-

217 3055 276 3130 siu
294 3075 364 3120 cum
387 3077 450 3141 qua
473 3056 647 3141 unigenitus
663 3063 712 3120 est
733 3057 765 3118 in
786 3076 877 3120 carne
896 3077 974 3128 una;
997 3054 1069 3138 quia
1091 3075 1213 3118 carnem

217 3176 311 3240 quam
321 3157 360 3223 de
369 3156 486 3242 virgine
498 3156 639 3240 sumpsit,
651 3155 681 3219 in
694 3155 788 3219 missa
801 3162 833 3218 et
844 3154 1069 3219 celebritatibus
1080 3153 1214 3237 quotidie

217 3254 356 3320 Ecclesia
366 3256 471 3320 sumit.
499 3292 539 3306 -
569 3256 605 3317 V
599 3253 817 3340 erumtomen.]
828 3253 926 3332 Quasi
935 3254 1060 3328 diceret,
1074 3253 1215 3336 quamvis

218 3375 291 3440 ergo
313 3355 371 3420 boc
394 3362 618 3421 sacramentum
637 3355 670 3419 in
690 3354 814 3418 Christo
835 3361 868 3419 et
887 3354 1026 3420 Ecclesia
1047 3339 1213 3438 intelligam

218 3455 434 3540 spiritualiter,
452 3463 662 3522 verumtamen
677 3475 734 3520 vos
753 3477 773 3520 a
791 3456 898 3520 morali
913 3456 1070 3521 intellectu
1082 3454 1215 3519 historiae

218 3556 313 3621 nolite
327 3557 478 3623 recedere.

647 3854 715 3896 CAP.
742 3855 787 3897 vt.

268 4041 363 4128 Quod
371 4057 419 4108 est
428 4030 611 4109 mondutum
617 4046 795 4132 primum]
809 4046 845 4110 In
859 4047 958 4131 prima
973 4046 1095 4130 quidem
1111 4048 1216 4112 tabula

220 4142 279 4206 tria
290 4141 375 4207 luere
386 4146 531 4210 mundata
545 4147 585 4209 ad
597 4146 696 4210 Deum
712 4147 906 4230 pertinentia,
921 4146 953 4209 id
968 4155 1027 4220 est,
1042 4146 1118 4209 Non
1135 4146 1224 4208 uto:

221 4240 307 4304 rubis
316 4243 400 4306 Deos
411 4244 543 4307 alienos.
556 4245 630 4307 Non
640 4267 783 4309 assumes
791 4269 903 4309 nomeu
914 4247 977 4308 Dei
984 4251 1070 4306 tur'lu
1081 4268 1212 4307 vonum.
