3184 5442
290 735 339 800 22
678 758 709 799 o.
736 758 909 815 nnnrnsncr

295 920 402 963 versus
419 899 459 961 ad
473 919 529 961 vos
548 898 701 980 pertinent
722 899 832 974 etiam,
847 921 865 962 o
879 898 996 963 Judaei!
1024 933 1067 947 -
1095 897 1134 962 Ut
1151 906 1242 960 omne
1256 921 1292 960 os

226 1078 229 1091 Ι
297 997 486 1060 obstruatur.
500 996 513 1083 ]
525 998 596 1062 Hoo
607 998 798 1085 conjungitur
811 998 958 1083 superiori
967 997 1140 1075 sententiae,
1156 1018 1218 1082 qua
1229 998 1289 1062 ait:

299 1097 432 1161 Caesari
454 1103 538 1160 enim
553 1119 661 1163 snmus
681 1119 789 1160 omnes
807 1097 865 1160 sub
872 1110 1022 1185 peccato.
1050 1133 1090 1146 -
1116 1097 1175 1160 Ad
1188 1111 1293 1160 orten-

295 1205 426 1260 sionem.
437 1198 448 1284 ]
461 1198 513 1262 Ad
524 1197 582 1262 hoo
596 1198 682 1261 Deus
693 1197 787 1265 filium
799 1219 889 1262 suurn
905 1199 1017 1262 mundo
1032 1197 1189 1282 praedicari
1201 1196 1289 1262 feeit:

295 1304 331 1362 at
341 1297 515 1361 ostenderet
529 1297 610 1380 quod
626 1297 786 1380 perfidem
801 1299 878 1384 ejus,
887 1297 1092 1383 justificantur
1105 1302 1291 1381 peccatores.

298 1432 339 1448 -
364 1397 501 1482 Propter
514 1403 730 1459 remissionem
735 1396 984 1483 proeeedentium
998 1395 1214 1484 delictorum]
1228 1395 1291 1461 Or·

297 1497 355 1571 do,
370 1495 606 1579 praeoedenti-um
622 1496 800 1560 deliotorum
813 1496 844 1558 in
858 1497 1081 1561 sustentatione
1090 1496 1161 1560 Dei.
1172 1494 1295 1560 Patien-

296 1603 344 1659 ter
366 1596 447 1660 enim
471 1597 556 1660 Deus
581 1595 726 1660 sustinuit
751 1597 955 1679 praeoedentia
976 1595 1088 1661 delicta
1110 1595 1235 1675 mundi,
1259 1602 1294 1660 ut

296 1695 471 1759 ostenderet
483 1696 535 1779 qui
552 1715 624 1760 vera
634 1695 813 1782 justificatio
822 1702 873 1759 est
888 1694 918 1758 in
938 1693 997 1759 hoo
1010 1701 1148 1779 tempore
1158 1717 1166 1770 ;
1177 1693 1209 1757 id
1223 1702 1290 1770 est,

295 1795 327 1859 in
346 1795 406 1860 fide
422 1797 501 1860 Jesu
516 1795 641 1862 christi.
658 1797 694 1861 Si
715 1797 796 1861 enim
815 1817 922 1861 omnes
939 1802 1114 1880 pensatores
1124 1794 1290 1878 puniisset,

295 1915 356 1958 non
370 1903 452 1961 esset
469 1896 522 1981 qui
535 1896 567 1960 in
579 1896 636 1961 hoo
652 1903 791 1981 ternpore
803 1895 961 1983 justificari
976 1901 1089 1977 posset.
1116 1927 1162 1942 -
1184 1893 1295 1955 Iustus

296 1995 557 2082 mmeramme]
574 1997 610 2059 Id
625 2002 672 2059 est
685 2046 692 2069 ,
709 2017 824 2071 verax,
838 1995 996 2077 complens
1008 2011 1047 2054 ea
1058 2010 1126 2075 quae
1140 1991 1290 2074 promisit.

297 2129 341 2143 -
361 2094 544 2158 Factorum.
558 2093 617 2178 ]Id
639 2100 687 2157 est
702 2114 766 2167 ,an
790 2093 852 2156 elia
876 2093 929 2155 lex
950 2089 1070 2173 prolata
1085 2096 1155 2165 est,
1179 2089 1296 2154 habens

297 2191 374 2255 alias
392 2191 635 2266 observationes,
653 2210 708 2274 per
732 2211 810 2272 quea
834 2187 1063 2254 observationes
1086 2193 1149 2252 tuae
1171 2191 1291 2254 adnihi-

185 2326 188 2332 ·
297 2290 417 2356 leuturt
443 2324 487 2341 -
510 2289 576 2352 Per
597 2289 697 2375 legem
709 2286 965 2375 fidei.][egem
987 2286 1058 2352 fidei
1082 2295 1173 2353 vocat
1193 2290 1294 2374 legem

298 2388 430 2461 Christi;
442 2389 545 2472 inquo
559 2388 705 2453 asseritur
715 2389 829 2453 salva-ri
839 2388 991 2453 hominem
1003 2408 1058 2471 per
1072 2388 1168 2453 solam
1180 2390 1290 2453 fidem:

301 2490 373 2553 dum
388 2488 517 2553 dieitur:
539 2488 603 2573 Qui
617 2487 788 2552 crediderit
801 2540 808 2563 ,
825 2501 857 2552 et
871 2486 1175 2575 baptizatuofuerit,
1188 2486 1295 2551 salvus

301 2595 371 2651 erit.
399 2623 439 2636 -
468 2585 744 2651 Circumcisiorrem
755 2586 908 2674 enfide]
920 2588 956 2651 Id
970 2602 1034 2663 est,
1046 2608 1087 2650 ex
1101 2589 1176 2664 fide,
1194 2594 1226 2652 et
1240 2608 1295 2672 per

301 2688 404 2752 fidem.
431 2723 471 2743 —
495 2678 543 2752 Et
559 2686 796 2774 preputium]
822 2688 905 2753 Hine
931 2688 1077 2772 probatur
1103 2688 1184 2770 quod
1208 2688 1296 2752 Deus

301 2789 476 2854 Judaeorum
493 2787 535 2853 sit
547 2787 801 2853 DeusGentium.
814 2789 890 2876 Ipse
914 2794 998 2850 enim
1006 2800 1118 2872 gemes
1118 2788 1203 2872 justi
1229 2799 1293 2850 eat.

301 2888 361 2952 Dei
383 2893 486 2952 autern
506 2887 601 2952 solius
612 2894 661 2951 est
672 2888 850 2974 justificare.
873 2921 920 2937 -
941 2887 1058 2972 Legem
1081 2885 1298 2971 mmmmm]

302 2986 383 3067 Quia
396 2987 532 3052 earnales
559 2987 785 3053 observationes
814 2988 891 3073 legis
910 2987 1095 3052 destmimus
1109 3008 1115 3047 :
1130 3005 1170 3047 an
1182 2993 1296 3069 putan-

302 3088 375 3152 dum
392 3097 456 3165 est,
471 3109 529 3152 nos
543 3088 759 3172 praedieatores
783 3087 943 3173 Evangelii
962 3086 1055 3151 etiam
1073 3084 1201 3149 moralia
1217 3106 1296 3169 prae-

302 3195 392 3271 oepta
407 3188 578 3253 destrueret
587 3188 673 3267 Quid
684 3187 775 3274 ergot
788 3188 863 3251 ordo
876 3237 883 3263 ,
898 3187 973 3270 quid
983 3185 1148 3250 seeundum
1159 3205 1293 3260 carnem,

302 3286 334 3348 id
357 3293 425 3362 est,
447 3288 521 3368 qaid
539 3288 705 3352 earnalirnn
725 3287 982 3353 observationum.
1000 3286 1117 3350 Probat
1135 3283 1218 3366 quod
1230 3282 1299 3348 sine

301 3382 415 3447 omni
425 3384 635 3448 observatione
644 3385 732 3467 legis,
744 3383 902 3469 justificari
912 3389 1015 3466 potest
1025 3381 1116 3444 homo
1126 3383 1291 3464 perfidem.

303 3479 462 3544 Abraham
476 3481 558 3546 enirn
572 3480 637 3544 sine
651 3481 822 3544 carnalibus
837 3479 1097 3544 observationibus
1111 3481 1298 3563 justificatus

304 3584 352 3642 est
364 3627 372 3654 ,
389 3577 538 3662 scriptura
550 3584 701 3643 testante:
723 3576 866 3640 Credidit
880 3575 1044 3638 Abraham
1056 3576 1140 3662 Deo,
1157 3583 1216 3640 eto.

731 3889 799 3930 cnr.
826 3890 867 3935 rv.

323 4110 328 4119 .
352 4062 390 4124 Si
404 4069 499 4124 enim.
513 4063 524 4148 ]
538 4063 588 4139 Si,
604 4062 716 4146 inquit,
731 4061 889 4125 Abraham
901 4061 966 4125 sine
976 4061 1036 4125 fide
1047 4083 1087 4125 ex
1104 4062 1170 4125 sola
1185 4061 1299 4126 carnali

307 4163 518 4227 observatione
537 4163 721 4249 justificatus
742 4161 890 4235 creditum
913 4160 1090 4248 justificatio
1110 4161 1163 4225 illa
1182 4161 1213 4224 in
1234 4162 1300 4225 sola

308 4259 448 4345 opinione
468 4260 625 4326 hominum
645 4267 707 4337 est,
732 4282 791 4324 non
807 4262 890 4344 apud
900 4261 1012 4326 Deum.
1043 4297 1083 4310 -
1108 4259 1213 4322 Habet
1226 4260 1298 4345 glo-
