3184 5442
555 795 761 838 anterranum
787 797 854 837 srvu
878 797 1032 839 ornuoors.
1227 782 1291 845 217

302 960 392 1021 quem
407 939 475 1001 Deo
491 938 616 1000 abstulit
631 989 637 1008 ,
659 939 785 1000 reddere
804 938 926 1010 debuit;
949 947 980 1002 et
1004 961 1059 1022 pro
1070 951 1195 1023 peccato
1211 945 1291 1025 quod

284 1037 370 1103 'fecit
384 1090 390 1112 ,
406 1036 591 1102 satisfacere.
619 1038 718 1100 Valde
739 1038 819 1099 enim
832 1039 948 1123 justum
969 1048 1016 1102 est
1029 1048 1064 1103 ut
1079 1041 1130 1123 qui
1155 1041 1222 1104 aliis
1236 1063 1291 1106 sua

305 1138 440 1213 abstulit,
453 1145 484 1201 et
504 1139 606 1201 ablata
620 1139 762 1201 restituat
777 1145 807 1200 et
821 1159 876 1220 pro
890 1138 1000 1223 injuria
1013 1139 1098 1204 illata
1109 1141 1288 1206 satisfaciat.

343 1238 383 1300 D.
407 1237 490 1316 Quid
516 1238 642 1301 abstulit
656 1238 760 1300 Adam
777 1238 866 1301 Deol
886 1275 925 1285 -
942 1240 988 1302 M.
1007 1241 1118 1304 Totum
1131 1243 1213 1324 quod
1224 1263 1292 1325 pro-

299 1334 399 1415 posuit
413 1335 443 1396 in
458 1355 513 1396 sua
524 1335 607 1398 curia
622 1336 659 1397 de
669 1337 733 1420 ejus
745 1333 939 1416 generatione
950 1330 1058 1398 facere.

342 1435 385 1496 D.
411 1434 1290 1512 Qualiterdebuitablatumhonoremredderet—MDia·

298 1535 399 1596 bolum
425 1534 469 1597 ita
487 1535 607 1598 vincere
622 1587 628 1608 ‚
647 1543 681 1596 ut
706 1535 771 1617 ipse
784 1535 883 1596 victus
906 1541 953 1598 est
974 1537 1012 1599 ab
1032 1557 1068 1598 eo
1083 1561 1090 1607 ;
1108 1544 1140 1599 et
1157 1537 1288 1620 seipsum

298 1654 463 1717 omnesque
483 1634 714 1716 praedestinatos
729 1635 768 1695 ad
780 1634 876 1697 vitam
892 1634 970 1697 tales
979 1637 1143 1703 restituere
1159 1689 1165 1712 ,
1185 1638 1289 1720 quales

299 1733 392 1797 futuri
408 1742 495 1797 erant
509 1735 534 1795 si
547 1733 793 1816 permansissent.

340 1834 383 1897 D.
409 1833 547 1911 Qualiter
562 1842 663 1897 autem
677 1833 780 1895 debuit
794 1833 992 1897 satisfaceret
1009 1872 1048 1880 —
1061 1836 1106 1897 M.
1126 1836 1207 1912 Quia
1216 1857 1288 1918 pec·
1358 1877 1360 1881 ,

297 1941 399 1996 catum
415 1935 513 2017 majus
527 1935 639 1996 mundo
661 1933 812 1996 commisit
826 1957 832 2004 ;
852 1933 965 2015 aliquid
984 1935 1083 2019 majus
1095 1935 1208 1997 mundo
1221 1937 1289 1998 Deo

296 2032 414 2096 solvere
427 2034 542 2096 debuit.
560 2035 681 2096 Horum
697 2040 837 2095 neutrum
856 2033 917 2095 ulla
936 2034 1053 2096 ratione
1067 2034 1167 2117 potuit
1175 2034 1284 2098 facere.

297 2133 370 2195 Ideo
381 2133 518 2196 inmorte
527 2134 706 2216 permansit.

339 2233 380 2294 D.
406 2234 449 2295 Et
474 2254 526 2296 cur
548 2233 668 2315 penitus
694 2253 754 2293 non
775 2232 882 2316 periitl
907 2267 946 2279 -
968 2233 1013 2294 M.
1044 2233 1203 2295 Statutum
1228 2233 1288 2295 Dei

295 2332 449 2398 immutari
462 2353 521 2395 non
535 2334 651 2416 potuit:
669 2332 827 2416 proposuit
842 2333 922 2393 enirn
938 2352 1099 2415 exgenere
1113 2332 1192 2394 Adae
1207 2331 1287 2394 elecu

295 2442 394 2496 torum
406 2453 565 2496 numerum
577 2434 740 2516 complere.

338 2534 380 2597 D.
406 2533 489 2611 Quid
501 2534 594 2616 ergol
610 2570 650 2582 —
671 2534 717 2597 M.
735 2533 815 2611 Quia
830 2533 964 2596 debiturn
984 2534 1129 2595 honorem
1144 2532 1212 2593 Deo
1227 2553 1285 2593 non

295 2632 403 2704 solvit;
420 2633 505 2696 Deus
518 2635 556 2695 ab
571 2654 607 2696 eo
618 2632 713 2695 invito
730 2634 863 2715 accepit,
878 2653 947 2695 cum
960 2652 1028 2694 eum
1040 2630 1138 2714 poenis
1153 2631 1284 2715 subegit.

338 2733 380 2795 D.
401 2733 561 2810 Quomodo
576 2732 671 2794 honor
683 2732 742 2796 Dei
758 2741 805 2795 est
816 2752 907 2814 poena
920 2731 1072 2793 hominist
1090 2765 1133 2776 ·-
1145 2731 1190 2792 M.
1208 2731 1288 2807 Quia

295 2853 386 2915 quem
399 2833 517 2894 dulcem
532 2839 651 2913 patrem
666 2883 672 2904 ‚
687 2838 722 2894 ut
737 2831 836 2904 filius,
853 2831 885 2892 in
900 2830 996 2914 gloria
1008 2829 1122 2893 habere
1133 2834 1291 2910 contemp-

294 2930 336 2991 sit
349 2953 354 3001 ;
375 2930 455 2991 hunc
467 2951 555 2992 suum
565 2930 732 2993 Dominum
746 2931 776 2992 in
789 2929 967 3002 tormentis,
984 2939 1019 2991 ut
1031 2926 1150 2990 rebellis
1162 2947 1267 2990 servus
1283 2978 1289 3001 ,

294 3029 402 3092 sensit.

338 3130 379 3193 D.
405 3128 483 3192 Cum
506 3129 623 3191 solvere
642 3130 749 3202 vellet,
765 3139 796 3190 et
818 3149 878 3191 non
893 3135 1015 3211 posset;
1034 3147 1086 3189 cur
1096 3128 1205 3205 Deua,
1224 3149 1291 3192 cum

295 3229 466 3292 misericors
486 3227 537 3301 sit,
552 3249 611 3289 non
634 3229 662 3290 ei
684 3228 823 3302 dimisit,
843 3234 896 3291 aut
916 3226 1011 3290 talem
1029 3226 1059 3288 in
1080 3225 1208 3308 gloriam
1234 3230 1290 3291 ad·

295 3328 398 3393 misitl
413 3364 453 3375 -
469 3327 515 3390 M.
539 3327 573 3390 si
593 3329 679 3391 Deus
697 3329 766 3391 ideo
781 3329 810 3390 ei
828 3348 916 3390 suum
937 3327 1081 3389 honorem
1102 3325 1288 3404 dimitteret,

296 3429 367 3511 quia
380 3427 492 3491 habere
505 3447 565 3490 non
579 3434 696 3510 posset;
711 3429 864 3510 impotens
875 3434 955 3491 esset
969 3449 974 3487 :
991 3426 1024 3490 Si
1036 3432 1139 3489 autem
1149 3435 1289 3510 peccato-

294 3549 359 3590 rem
389 3526 541 3590 hominem
568 3527 751 3610 impunitum
774 3527 806 3589 in
831 3527 958 3611 gloriam
989 3533 1182 3600 assumeret,
1212 3528 1291 3591 unde

295 3626 448 3710 Angelum
468 3647 524 3709 pro
539 3648 600 3689 una
619 3627 805 3710 cogitatione
826 3626 1026 3699 extrusisset;
1044 3625 1173 3711 injustus
1195 3637 1287 3691 esset.

295 3728 389 3789 Porro
404 3725 430 3787 si
444 3732 603 3808 peccatum
618 3726 801 3809 impunitum
818 3733 1006 3800 remaneret,
1024 3725 1138 3808 aliquid
1150 3725 1180 3787 in
1197 3747 1291 3811 regno

295 3825 354 3888 Dei
381 3824 586 3887 inordinatum
610 3835 711 3897 esset;
733 3827 787 3888 sed
809 3827 841 3888 in
869 3847 962 3909 regno
991 3825 1056 3909 ejus
1081 3825 1154 3887 nihil
1176 3825 1289 3889 inordi-

295 3930 400 3988 natum
415 3925 607 4008 relinquitur:
620 3935 762 4010 peccator
779 3939 856 4013 ergo
868 3927 968 4010 puniri
983 3925 1099 3989 debuit.
1114 3926 1191 4002 Qus
1211 3927 1291 3988 enim

294 4044 447 4106 gemmam
472 4025 511 4086 de
534 4024 622 4088 coeno'
646 4028 798 4090 sublatam
819 4027 848 4089 in
874 4028 1033 4088 thesauros
1058 4045 1129 4087 suos
1150 4026 1294 4088 recondat

294 4145 354 4186 non
368 4129 531 4207 purgatam
542 4126 553 4185 l

337 4223 378 4284 D.
406 4223 459 4284 Ad
476 4244 565 4305 quem
590 4227 678 4287 tinem
699 4246 770 4308 ergo
793 4223 909 4312 debuit!
920 4224 1079 4287 deveniret
1095 4260 1134 4272 -
1151 4224 1194 4286 M.
1212 4223 1293 4299 Quo

296 4321 376 4383 niam
394 4323 552 4406 transfuga
568 4346 750 4388 servuscum
768 4325 848 4388 furto
861 4324 973 4388 domini
984 4324 1028 4386 sui
1046 4325 1085 4385 ad
1095 4321 1292 4384 saevissimum
