3184 5442
298 735 357 796 196
673 751 703 791 o.
729 747 902 790 inuranscr

294 913 414 954 omnem
425 901 536 954 terram
547 889 642 952 exivit
654 908 745 951 sonus
754 907 875 950 eorum.
887 917 899 936 π
914 888 993 951 Item
1005 886 1140 949 intertia
1150 887 1288 972 ejusdem

294 992 393 1075 operis
405 1000 515 1074 parte:
538 1020 551 1042 u
566 989 685 1072 Corpus
700 987 814 1052 Christi
832 993 953 1055 constat
972 1008 1011 1050 ex
1032 986 1136 1049 multis
1159 986 1289 1049 creden-

293 1091 375 1155 tihus
389 1091 420 1153 in
434 1097 499 1153 toto
511 1091 583 1152 orbe
597 1097 758 1153 terrarum.
777 1119 789 1140 ν’
808 1086 930 1150 Itemin
941 1087 1070 1149 eadem:
1093 1116 1105 1136 u
1124 1086 1287 1149 Taberna·
1334 1091 1337 1097 '

294 1193 393 1254 culum
405 1190 528 1256 Domini
540 1197 587 1254 est
597 1189 665 1273 ipsa
674 1177 780 1252 sancta
790 1186 928 1252 Ecclesia
936 1186 968 1249 in
980 1195 1045 1250 toto
1053 1188 1125 1249 orbe
1136 1194 1288 1250 terrarum

294 1291 413 1355 diffusa.
431 1323 443 1345 υ
460 1291 502 1354 Et
513 1289 604 1353 alibi:
623 1321 635 1342 u
654 1289 773 1353 Chorus
787 1287 898 1352 Christi
909 1289 975 1374 jam
986 1294 1069 1351 totus
1080 1288 1213 1350 mundus
1227 1295 1285 1351 est.

295 1391 414 1456 Chorus
428 1390 542 1456 Christi
559 1392 598 1453 ab
617 1389 732 1453 oriente
747 1389 778 1451 in
794 1388 980 1453 occidentem
998 1394 1155 1450 consonat.
1175 1419 1188 1440 n
1208 1388 1287 1450 Item

295 1492 326 1554 in
340 1491 416 1554 libro
428 1492 466 1554 de
477 1511 574 1574 agone
586 1489 776 1554 Christiano:
795 1519 808 1540 u
824 1489 891 1552 Nec
903 1509 956 1552 eos
967 1487 1127 1551 audiamus
1138 1487 1191 1570 qui
1203 1507 1290 1551 sanc-

295 1603 360 1655 tam
374 1591 561 1667 Ecclesiam,
580 1612 647 1674 quae
660 1612 723 1653 una
737 1589 887 1653 catholica
898 1598 960 1664 est,
975 1594 1089 1672 negant
1106 1607 1161 1670 per
1183 1588 1293 1650 orbem

296 1712 363 1755 esse
379 1690 530 1754 diffusam.
549 1723 561 1746 n
580 1693 623 1754 Et
638 1690 819 1774 quibusdam
833 1688 1035 1752 intermissis:
1058 1718 1071 1740 u
1089 1686 1228 1770 Populus
1238 1708 1291 1750 au-

297 1801 359 1854 tem
370 1790 482 1874 ipsius,
494 1790 612 1874 inquit,
626 1789 747 1872 quando
758 1809 820 1851 non
835 1788 920 1850 audit
933 1786 1120 1870 Prophetas,
1135 1792 1168 1849 et
1180 1787 1290 1848 Evan-

297 1890 429 1975 gelium,
456 1890 487 1953 in
516 1890 625 1974 quibus
654 1887 845 1972 apertissime
873 1887 1019 1970 scriptum
1049 1893 1097 1948 est
1117 1884 1290 1950 Ecclesiam

297 1990 410 2054 Christi
426 2012 481 2074 per
497 2012 602 2053 omnes
619 1998 725 2074 gentes
741 2008 809 2051 esse
825 1986 980 2062 diffusam,
994 1994 1026 2050 et
1040 1985 1125 2048 audit
1138 1984 1290 2049 schisma-

297 2091 384 2164 ticos,
398 2111 459 2153 non
468 2091 528 2155 Dei
539 2091 666 2175 gloriam
678 2096 859 2173 quaerentes,
874 2089 929 2151 sed
938 2108 1036 2161 suam,
1052 2086 1127 2149 satis
1139 2085 1292 2168 significat

299 2211 332 2252 se
346 2211 465 2253 servum
479 2211 556 2263 esse,
571 2212 631 2253 non
644 2191 783 2254 liberum.
800 2221 813 2242 n
828 2192 872 2253 Et
887 2188 1038 2251 Dominus
1052 2187 1082 2248 in
1096 2185 1289 2270 Evangelio:

304 2321 315 2340 u
335 2291 422 2373 Ager
445 2297 492 2352 est
519 2291 566 2353 hic
589 2291 731 2353 mundus.
754 2323 766 2344 ιν
784 2291 829 2352 Et
847 2288 1025 2373 paulopost
1046 2310 1052 2348 ε
1084 2285 1223 2349 -simile
1245 2294 1296 2349 est

301 2410 425 2471 regnum
439 2390 580 2453 eoelorum
596 2411 717 2472 sagenae
728 2389 829 2452 missae
840 2389 871 2451 in
883 2409 978 2465 mare,
993 2397 1025 2451 et
1034 2408 1074 2451 ex
1083 2386 1166 2449 omni
1179 2406 1295 2471 genere

298 2487 423 2569 piscium
446 2490 651 2573 congreganti.
672 2522 684 2542 ιι
704 2490 747 2552 Et
767 2490 808 2551 ad
831 2489 1010 2573 discipulos:
1030 2519 1043 2540 u
1060 2489 1108 2552 Ite
1133 2486 1164 2548 in
1187 2487 1295 2549 orbem

298 2595 457 2664 terrarum,
473 2590 635 2672 praedicate
648 2589 853 2675 Evangelium
867 2591 949 2654 omni
962 2599 1120 2655 creaturae.
1223 2614 1225 2618 ·

343 2883 400 2946 23.
425 2884 585 2949 Adversus
599 2891 663 2948 tam
679 2886 760 2949 clara
770 2885 866 2967 ipsius
881 2886 1016 2962 Domini,
1034 2893 1067 2950 et
1079 2885 1178 2950 sancti
1193 2887 1298 2971 Spiri—

301 2994 351 3047 tus
362 2984 427 3068 ejus
441 2983 479 3046 de
493 2982 641 3058 Ecclesia,
654 2992 687 3047 et
699 2984 737 3047 de
748 2991 833 3048 statu
844 2984 987 3048 Ecclesiae
997 2985 1174 3049 testimonia
1188 2988 1301 3074 objicis

301 3092 353 3164 tu,
366 3096 397 3149 et
411 3084 555 3170 objiciunt
572 3084 624 3167 qui
643 3106 664 3148 a
677 3093 709 3148 te
723 3085 843 3169 decepti
862 3086 939 3149 alios
957 3086 1095 3169 decipere
1112 3087 1296 3154 moliuntur.

301 3185 410 3268 ltaque
434 3185 558 3249 dicitis:
581 3185 783 3249 Praedicatum
807 3192 856 3249 est
874 3187 1077 3272 Evangelium
1099 3186 1131 3250 in
1153 3189 1300 3253 omnibus

302 3284 464 3358 Gentibus,
482 3285 610 3349 credidit
624 3286 763 3358 mundus
778 3283 861 3348 facta
872 3293 920 3356 est
932 3286 1080 3363 Ecclesia,
1096 3287 1205 3363 crevit,
1218 3287 1301 3355 fruc·

302 3385 428 3448 tilicavit
436 3407 444 3458 ;
463 3387 517 3448 sed
531 3386 684 3469 imperitia
698 3387 777 3451 male
791 3387 1024 3472 intelligentium
1038 3398 1148 3472 postea
1161 3391 1295 3464 erravit,

303 3493 335 3547 et
348 3485 437 3566 periit
450 3534 457 3558 ,
471 3484 502 3546 in
515 3487 603 3548 nobis
617 3486 706 3562 solis,
723 3496 755 3550 et
770 3487 802 3550 in
817 3487 864 3552 his
875 3489 994 3572 quinos
1007 3498 1176 3572 sequuntur
1186 3500 1301 3556 sancta

302 3582 332 3644 in
358 3582 446 3645 terris
470 3585 608 3648 Ecclesia
630 3589 786 3652 remansit.
809 3591 901 3655 Hanc
920 3590 1099 3674 sacrilegam
1122 3590 1300 3655 vanitatem

303 3680 413 3745 evertit
421 3683 596 3766 evangelica
605 3685 728 3761 veritas,
742 3696 773 3752 et
782 3689 1005 3773 Prophetarum
1017 3699 1110 3773 atque
1119 3698 1299 3755 sanctorum

302 3781 428 3844 Patrum
438 3803 498 3845 non
510 3782 650 3847 violanda
660 3788 836 3852 auctoritas.
851 3790 942 3854 Unde
950 3789 1095 3855 Ecclesiae
1106 3809 1169 3853 suae
1180 3799 1300 3854 sanclae

302 3880 333 3942 in
349 3881 517 3965 Evangelio
537 3904 591 3947 suo
609 3886 759 3950 Dominus
775 3888 943 3970 pollicetur,
961 3890 1080 3954 dicens:
1102 3919 1115 3941 a
1135 3890 1218 3954 Ecce
1237 3912 1299 3976 ego

302 3979 458 4044 vobiscum
474 4004 539 4047 sum
552 3985 691 4049 omnibus
705 3986 812 4050 diebus
826 4009 923 4072 usque
940 3990 981 4053 ad
1001 3988 1297 4054 consummationem

303 4080 415 4145 saeculi.
433 4111 446 4133 κ
467 4082 556 4160 Quod
580 4085 704 4150 minime
725 4086 857 4163 diceret,
878 4088 904 4151 si
925 4089 1095 4154 Ecclesiam
1111 4110 1198 4153 suam
1222 4099 1298 4154 ante

303 4182 593 4248 consummationem
617 4187 715 4251 saeculi
738 4188 906 4270 perituram
929 4211 996 4255 esse
1015 4198 1227 4274 praenosceret.
1252 4191 1298 4255 Et

304 4280 375 4344 alibi
389 4306 396 4347 i
418 4311 431 4337 <⁴
451 4281 537 4345 Tunc
550 4284 577 4348 si
591 4286 659 4369 quis
672 4287 758 4352 vobis
772 4288 900 4367 dixerit,
916 4292 997 4360 Ecce
1010 4294 1057 4358 hic
1068 4293 1225 4369 Christus,
1242 4303 1298 4359 aut
