3184 5442
773 703 804 742 Ι).
829 703 1004 748 LANFRANCI

807 1033 876 1074 ΟΔΡ.
901 1033 969 1076 v111.

440 1221 552 1285 Deliis
568 1230 683 1281 autem.
701 1216 764 1301 ]Id
779 1223 838 1292 est,
858 1238 964 1284 omnes
977 1220 1088 1284 scimus
1104 1222 1177 1304 quid
1193 1224 1302 1294 debeat
1321 1232 1388 1296 fieri

395 1326 433 1386 de
449 1318 650 1385 immolatitiis
665 1317 814 1380 idolorum
829 1340 835 1379 ε
850 1319 906 1381 sed
922 1320 988 1382 sola
1001 1320 1129 1385 scientia
1140 1344 1202 1385 non
1218 1326 1331 1393 suffieit
1346 1333 1387 1396 ad

395 1421 617 1488 observandum
631 1418 714 1502 quod
731 1424 847 1483 rectum
863 1425 911 1482 est
924 1442 930 1481 :
952 1420 1007 1484 sed
1020 1421 1123 1503 potius
1140 1421 1246 1500 inflat,
1264 1426 1290 1489 si
1306 1429 1387 1494 desit

395 1522 542 1596 charitas,
560 1539 628 1603 quae
642 1516 779 1581 aedificat.
804 1551 848 1566 —
870 1516 909 1579 Si
922 1523 990 1604 quia
1004 1533 1119 1585 autem.
1133 1520 1145 1607 ]
1157 1523 1301 1590 Ostendit
1313 1529 1386 1610 quid

395 1622 436 1686 sit
452 1619 580 1686 scientia
597 1618 663 1682 sine
676 1616 845 1692 charitate,
860 1616 1021 1695 videlicet,
1038 1640 1130 1702 quam
1144 1621 1235 1686 homo
1249 1633 1386 1708 putatae

395 1721 537 1784 haberea
550 1738 593 1783 se.
622 1753 662 1766 -
690 1715 958 1801 Quemadmodum
972 1731 1125 1804 oporteat.
1142 1720 1154 1807 ]
1168 1722 1299 1805 Oportet
1309 1727 1386 1792 seire

395 1817 717 1902 hominem,quidquid
725 1819 838 1881 bonum
848 1817 1227 1891 habet,aDeosehabere.
1256 1843 1298 1874 -·
1321 1824 1389 1888 Sed

395 1942 459 1982 nou
478 1927 512 1982 iu
534 1916 689 1981 omnibus.
704 1916 715 2001 ]
732 1916 805 1982 Non
826 1937 948 1992 omnes,
968 1917 1084 2000 inquit,
1102 1919 1214 1986 habent
1227 1922 1386 1989 wientiam

396 2019 486 2106 hujus
496 2019 555 2083 Dei
573 2040 580 2080 :
599 2018 667 2081 ideo
678 2022 790 2099 putant
802 2015 891 2080 idolis
902 2017 1075 2100 gubernari.
1102 2054 1143 2067 -
1170 2018 1306 2104 Quidum
1324 2047 1385 2086 au-

397 2137 470 2187 tem.
485 2124 497 2209 ]
515 2123 665 2201 Quidam,
689 2120 804 2203 inquit,
826 2128 859 2184 et
876 2121 975 2184 sciunt
995 2123 1078 2204 quod
1097 2123 1211 2188 idolum
1223 2126 1299 2190 nihil
1318 2136 1382 2195 est:

396 2230 552 2289 ettamen
570 2220 700 2284 scienter
713 2219 909 2282 manducanti
930 2219 1010 2283 idolo
1025 2221 1226 2289 immolatum.
1250 2262 1295 2274 -
1317 2228 1386 2292 Nee
1430 2300 1433 2305 ,

396 2327 491 2397 enim,
509 2330 571 2381 ete.
586 2317 598 2403 ]
612 2317 709 2396 Quasi
722 2316 837 2381 diceret
850 2317 960 2401 aliquis
969 2341 976 2381 :
986 2321 1099 2385 Fames
1113 2342 1163 2386 me
1177 2324 1271 2388 talem
1284 2326 1385 2391 cibum

396 2419 555 2483 comedere
568 2415 733 2500 compellit.
747 2415 841 2480 Absit
849 2439 857 2490 ;
876 2424 942 2481 turn
956 2439 1052 2502 parva
1065 2421 1144 2484 enim
1159 2423 1309 2505 particula
1321 2427 1385 2491 sin.

397 2517 476 2603 gulis
495 2515 698 2588 distributum
719 2521 756 2579 ut
768 2534 826 2579 nec
841 2515 926 2581 illata
942 2517 1051 2590 satiet;
1075 2539 1132 2584 neo
1151 2522 1255 2586 ablata
1274 2525 1387 2589 esruire

397 2616 569 2701 compellat.
583 2614 694 2679 Potest
707 2615 888 2691 subaudire,
901 2616 1076 2685 deficiemus
1089 2639 1109 2683 a
1120 2620 1208 2684 bonis
1225 2623 1383 2704 operibus:

397 2715 445 2779 vel
456 2712 676 2779 abundabimus
685 2713 810 2777 inbonis
818 2714 969 2798 operibus,
988 2751 1028 2764 -
1048 2715 1388 2810 Abundabimus,ete.]

397 2815 470 2880 Non
479 2812 597 2878 debetis
606 2812 764 2875 comedere
773 2811 953 2898 idolothyta,
965 2834 1037 2878 nam
1048 2835 1148 2899 neque
1156 2837 1212 2900 per
1222 2819 1280 2886 hoc
1288 2823 1389 2906 acqui-

397 2915 472 2980 retis
482 2913 675 2978 commodum
685 2933 692 2974 :
703 2911 785 2996 qnod
792 2913 1283 2997 estnequesimanducaverimus,
1294 2923 1388 2986 abun·
1403 2916 1409 2932 “

398 3015 555 3090 dabimus,
566 3031 665 3097 neque
686 3011 786 3100 majus
801 3011 938 3076 evadetis
954 3013 1110 3079 damnum.
1127 3017 1218 3095 Quod
1227 3021 1342 3102 probat
1356 3023 1389 3085 in

398 3115 474 3180 libro
488 3111 689 3189 econtrario,
706 3112 770 3177 ita:
787 3111 873 3176 Nam
888 3111 914 3176 si
933 3133 993 3176 nou
1015 3116 1314 3193 manducaverimus,
1330 3139 1388 3202 pe-

398 3215 525 3280 riculum
540 3235 600 3278 non
614 3213 811 3278 habebimus:
825 3214 908 3297 quod
925 3213 1154 3297 aequpollenter
1167 3216 1255 3292 dicit,
1268 3217 1389 3282 deficie-

398 3334 479 3379 mus.
505 3349 545 3362 -
573 3312 709 3375 Carnem
720 3320 755 3375 in
766 3325 927 3375 oeternum.
938 3312 995 3398 ]Id
1006 3321 1055 3378 est
1065 3339 1072 3378 :
1086 3316 1158 3380 Non
1167 3317 1265 3380 solum
1273 3317 1313 3380 ab
1321 3317 1390 3382 aliis

398 3412 486 3486 cibis,
500 3417 625 3494 propter
637 3411 796 3475 vitandum
810 3409 913 3475 fratris
925 3412 1101 3476 scandalum
1115 3415 1296 3478 abstinerem
1312 3440 1319 3479 :
1333 3418 1389 3481 sed

399 3518 431 3572 et
445 3527 658 3590 comamque
672 3507 870 3573 suamssimus
883 3507 962 3572 inter
975 3530 1081 3574 omnes
1091 3511 1176 3575 cibus
1190 3519 1248 3586 est,
1260 3513 1292 3575 in
1302 3523 1391 3581 aeter·

398 3627 473 3670 num
483 3605 677 3672 dimitterem.
741 3629 745 3635 ·

818 3893 889 3935 CAP.
915 3894 959 3936 IX.

444 4096 517 4161 Non
535 4118 603 4158 sura
624 4091 724 4156 liber?
738 4092 750 4179 ]
764 4092 849 4171 Etsi,
866 4093 980 4176 inquit,
997 4094 1087 4161 liceat
1103 4099 1190 4161 vobis
1219 4099 1389 4186 idolothyta

400 4199 500 4274 edere,
510 4217 570 4260 non
580 4203 682 4260 tamen
693 4193 828 4267 debetis;
843 4193 920 4257 sicut
932 4215 1001 4279 ego,
1018 4196 1074 4258 etsi
1087 4196 1201 4273 liceret,
1214 4207 1386 4265 nontamen
