3184 5442
550 755 757 796 acueronnruu
781 755 848 796 srva
874 758 1031 819 priuoeus.
1225 736 1292 797 275

293 895 412 977 singula
422 896 557 956 membra
569 896 684 958 catenis
696 898 863 959 constricti.
879 898 1042 979 Optabunt
1055 897 1130 959 mori
1144 948 1149 969 ,
1166 906 1197 957 et
1212 915 1293 958 mors

295 993 389 1078 fugiet
401 997 440 1057 ab
455 995 513 1058 eis.

340 1097 383 1159 D.
409 1095 548 1173 Qualiter
566 1102 637 1158 sunt
656 1095 698 1158 ibi
708 1096 926 1178 positil—M.
943 1098 1055 1180 Capita
1064 1104 1135 1159 sunt
1146 1097 1190 1158 eis
1203 1097 1292 1158 deor-

296 1219 364 1262 sum
376 1215 499 1272 mersa,
516 1196 607 1258 dorsa
619 1197 659 1257 ad
673 1195 804 1258 invicem
820 1217 909 1259 versa
920 1221 927 1268 ;
939 1198 1035 1279 pedes
1046 1217 1165 1259 sursum
1180 1197 1291 1269 erecti,

296 1306 329 1361 et
340 1297 371 1359 in
380 1315 486 1379 poenas
494 1295 629 1376 undique
641 1295 775 1358 distenti.
834 1319 840 1327 ¹

340 1397 381 1459 D.
408 1395 481 1459 Heu
491 1396 565 1478 quid
576 1415 710 1476 unquam
726 1402 878 1458 natusest
894 1396 996 1466 homo,
1012 1396 1130 1478 quitali
1144 1397 1293 1476 plectetur

296 1495 464 1578 suppliciol
482 1531 522 1542 -
535 1494 582 1558 Μ.
597 1494 680 1571 Quid
701 1492 778 1556 flesl
794 1494 867 1576 quid
883 1494 1027 1580 lacrymis
1039 1493 1128 1557 lluisl
1145 1496 1293 1559 Diabolus

297 1602 416 1660 tantum
432 1646 438 1667 ,
457 1603 489 1658 et
500 1616 557 1658 sua
571 1595 708 1656 membra
718 1594 778 1655 ista
789 1594 952 1676 patientur.

342 1695 385 1758 D.
412 1695 474 1772 Qui
496 1703 568 1758 sunt
591 1695 728 1756 membra
750 1693 881 1756 diabolil
895 1730 934 1742 -
948 1695 994 1757 M.
1013 1695 1159 1777 Superbi,
1177 1696 1288 1767 invidi,

297 1791 497 1868 fraudulenti,
522 1794 624 1870 infidi,
647 1794 764 1878 gulosi,
784 1794 909 1868 ebriosi,
930 1794 1091 1865 luxuriosi,
1116 1795 1289 1873 homicida,

268 1929 272 1935 -
298 1894 400 1967 furca,
426 1894 564 1958 crudeles
578 1946 584 1968 ,
602 1895 782 1976 praedones,
808 1895 962 1968 latrones,
986 1895 1153 1965 immundi,
1185 1896 1290 1966 avari,

297 1993 442 2069 adulteri,
455 1993 663 2067 fornicatores,
678 1995 856 2067 mendaces,
867 1996 994 2080 perjuri,
1006 1994 1186 2078 blasphemi,
1197 1996 1293 2058 male-

297 2094 363 2167 fici,
382 2095 584 2172 detractoreS,
597 2095 762 2158 discordes.
782 2095 844 2172 Qui
859 2095 890 2156 in
910 2095 955 2157 liis
976 2095 1087 2158 luerint
1112 2095 1293 2172 inventi,'in

298 2193 444 2278 praedicta
451 2194 602 2283 supplicia
619 2195 705 2257 ibunt
718 2215 872 2276 nunquam
888 2195 1025 2287 redituri.

343 2496 375 2555 5.
407 2491 570 2577 Quomodo
586 2490 669 2552 beart
682 2513 760 2576 erga
772 2490 939 2554 doninotos
954 2514 989 2554 se
1002 2492 1148 2555 habeant.

343 2593 385 2655 D,
412 2593 485 2655 Heu
498 2591 644 2655 videbunt
655 2610 708 2652 eos
718 2590 867 2673 justil-
883 2591 929 2654 M.
946 2591 1027 2654 Justi
1044 2592 1188 2656 videbunt
1200 2595 1296 2656 malos
1398 2615 1417 2680 '¹
1452 2656 1507 2687 NJ!

301 2693 330 2754 in
341 2692 495 2775 poenis,ut
506 2691 605 2775 magis
617 2691 771 2775 gaudeant
780 2692 862 2773 quod
871 2691 928 2752 has
935 2691 1212 2773 evaserintpoenas:
1224 2693 1296 2755 mali
1380 2684 1399 2749 s
1415 2677 1419 2688 ⁸
1435 2668 1457 2690 L*
1474 2668 1486 2687 u

300 2791 393 2854 etiam
410 2798 482 2854 ante
489 2791 635 2877 judicium
647 2790 794 2853 videbunt
804 2791 900 2853 bonos
917 2790 949 2851 in
964 2791 1075 2874 gloria,
1092 2799 1127 2853 ut
1139 2791 1236 2873 magis
1244 2792 1296 2854 do·

300 2891 383 2954 leant
402 2892 484 2974 quod
503 2890 581 2954 hano
606 2890 823 2974 neglexerunt:
843 2896 913 2972 post
929 2888 1076 2973 judicium
1100 2897 1203 2952 autem
1225 2891 1296 2951 boni

301 2991 446 3053 videbunt
460 3011 582 3074 semper
598 2991 695 3053 malos
709 2990 739 3050 in
754 2989 869 3071 poenis;
890 2990 960 3052 mali
972 3010 1045 3051 vero
1061 3008 1215 3071 nunquam
1230 3011 1296 3051 am-

300 3090 380 3172 plius
395 3090 543 3155 videbunt
558 3092 665 3154 bonos.

344 3190 386 3252 D.
411 3190 483 3253 Non
496 3192 721 3276 dolebuntjusti
736 3212 804 3255 oum
815 3209 868 3252 cos
883 3190 1014 3252 viderint
1029 3189 1073 3252 ita
1087 3191 1219 3272 torqueri
1229 3192 1240 3252 l
1251 3227 1296 3240 -

300 3290 348 3352 M.
374 3289 463 3353 Non:
487 3291 559 3354 licet
576 3299 665 3373 pater
685 3293 789 3355 videat
816 3290 928 3363 filium,
952 3299 1006 3353 aut
1029 3289 1108 3352 filius
1128 3298 1246 3372 patrem
1265 3293 1296 3354 in
1344 3286 1346 3295 '

301 3408 391 3469 poena
404 3413 411 3461 ;
426 3401 479 3454 aut
496 3391 558 3454 filia
578 3402 709 3455 matrem
723 3442 730 3466 ,
749 3397 804 3454 aut
819 3397 917 3453 mater
935 3389 1028 3452 filiam
1049 3389 1092 3452 ibi
1109 3390 1292 3474 conspiciat.
1355 3434 1357 3449 .

301 3495 355 3551 aut
370 3489 418 3552 vir
436 3511 580 3567 uxorem,
598 3500 652 3555 aut
672 3513 750 3557 uxor
768 3491 885 3563 virum;
903 3512 963 3553 non
981 3489 1078 3553 solum
1096 3511 1155 3553 non
1172 3491 1293 3563 dolent,
1353 3534 1357 3560 1

301 3589 355 3651 sed
365 3589 410 3652 ita
424 3591 527 3654 osteis
542 3591 721 3655 delectabile
740 3592 796 3654 hoc
807 3590 927 3668 videre,
940 3589 1018 3653 sicut
1033 3589 1121 3652 nobis
1134 3610 1203 3652 cum
1216 3592 1298 3653 vide-

302 3708 370 3750 mus
378 3688 477 3771 pisces
485 3691 517 3752 in
528 3691 649 3774 gurgite
658 3690 761 3754 ludere
773 3741 780 3766 ,
792 3696 828 3753 ut
839 3690 960 3754 dicitur:
980 3721 993 3743 a
1006 3691 1174 3754 Laetabitur
1181 3693 1293 3776 justus,
1349 3704 1352 3710 “

301 3809 371 3851 cum
385 3790 497 3854 viderit
510 3790 676 3855 vindictam
690 3799 897 3875 peccatorum.
916 3823 928 3843 n

346 3888 387 3950 D.
413 3889 482 3952 Non
502 3900 591 3954 orant
610 3892 686 3976 justi
704 3913 759 3974 pro
777 3892 953 3955 eisl-M.
974 3891 1091 3955 Contra
1106 3892 1207 3955 Deum
1231 3913 1298 3956 sen·

302 3989 408 4062 tirent,
427 3989 453 4051 si
476 4010 531 4071 pro
547 3990 699 4055 damnatis
716 3998 856 4054 orarent:
875 3991 920 4054 ita
932 3991 1012 4054 enim
1030 3993 1098 4055 Deo
1112 3993 1188 4056 uniti
1204 4001 1294 4068 sunt,
1363 4014 1366 4037 ³

301 4087 383 4168 quod
401 4087 445 4151 eis
463 4090 577 4173 judicia
598 4090 657 4152 Dei
676 4112 731 4173 per
750 4092 851 4154 omnia
867 4091 1047 4174 placebunt;
1064 4093 1133 4155 ideo
1151 4102 1183 4155 et
1204 4093 1234 4154 in
1253 4094 1297 4154 eis
1358 4154 1360 4169 ,

302 4189 487 4270 gaudebunt.

1145 4408 1188 4452 18.
