<?xml version="1.0" encoding="UTF-8"?>
<!DOCTYPE html PUBLIC "-//W3C//DTD XHTML 1.0 Transitional//EN"
    "http://www.w3.org/TR/xhtml1/DTD/xhtml1-transitional.dtd">
<html xmlns="http://www.w3.org/1999/xhtml" xml:lang="en" lang="en">
 <head>
  <title>
</title>
<meta http-equiv="Content-Type" content="text/html;charset=utf-8" />
  <meta name='ocr-system' content='tesseract 3.04.00' />
  <meta name='ocr-capabilities' content='ocr_page ocr_carea ocr_par ocr_line ocrx_word'/>
</head>
<body>
  <div class='ocr_page' id='page_1' title='image "./operaquaesupers00lanfgoog_0303.png"; bbox 0 0 3184 5442; ppageno 0'>
   <div class='ocr_carea' id='block_1_1' title="bbox 515 711 1340 784">
    <p class='ocr_par' dir='ltr' id='par_1_1' title="bbox 515 711 1340 784">
     <span class='ocr_line' id='line_1_1' title="bbox 515 711 1340 784; baseline -0.004 -3"><span class='ocrx_word' id='word_1_1' title='bbox 515 758 518 765; x_wconf 90' lang='lat'>·</span> <span class='ocrx_word' id='word_1_2' title='bbox 574 739 613 782; x_wconf 81' lang='lat' dir='ltr'>ns</span> <span class='ocrx_word' id='word_1_3' title='bbox 635 742 775 784; x_wconf 75' lang='lat' dir='ltr'>cunnum</span> <span class='ocrx_word' id='word_1_4' title='bbox 799 739 1015 784; x_wconf 66' lang='lat' dir='ltr'>concessione.</span> <span class='ocrx_word' id='word_1_5' title='bbox 1222 717 1286 778; x_wconf 79' lang='lat'>307</span> <span class='ocrx_word' id='word_1_6' title='bbox 1337 711 1340 716; x_wconf 78' lang='grc'><strong>’</strong></span> 
     </span>
    </p>
   </div>
   <div class='ocr_carea' id='block_1_2' title="bbox 222 872 1302 4320">
    <p class='ocr_par' dir='ltr' id='par_1_2' title="bbox 298 872 1288 1141">
     <span class='ocr_line' id='line_1_2' title="bbox 299 872 1287 947; baseline 0.001 -13"><span class='ocrx_word' id='word_1_7' title='bbox 299 872 434 947; x_wconf 87' lang='lat' dir='ltr'>citatem,</span> <span class='ocrx_word' id='word_1_8' title='bbox 449 895 488 936; x_wconf 89' lang='lat' dir='ltr'>ne</span> <span class='ocrx_word' id='word_1_9' title='bbox 502 885 692 941; x_wconf 83' lang='lat' dir='ltr'>sacramenta</span> <span class='ocrx_word' id='word_1_10' title='bbox 707 878 902 943; x_wconf 88' lang='lat' dir='ltr'>confessionis</span> <span class='ocrx_word' id='word_1_11' title='bbox 924 882 1086 944; x_wconf 89' lang='lat' dir='ltr'>violentur.</span> <span class='ocrx_word' id='word_1_12' title='bbox 1112 878 1191 939; x_wconf 86' lang='lat' dir='ltr'>Sunt</span> <span class='ocrx_word' id='word_1_13' title='bbox 1208 875 1287 936; x_wconf 90' lang='lat' dir='ltr'>enim</span> 
     </span>
     <span class='ocr_line' id='line_1_3' title="bbox 300 970 1288 1064; baseline 0.003 -33"><span class='ocrx_word' id='word_1_14' title='bbox 300 970 434 1050; x_wconf 86' lang='lat' dir='ltr'>quidam,</span> <span class='ocrx_word' id='word_1_15' title='bbox 454 972 506 1055; x_wconf 93' lang='lat' dir='ltr'>qui</span> <span class='ocrx_word' id='word_1_16' title='bbox 528 995 588 1035; x_wconf 90' lang='lat' dir='ltr'>non</span> <span class='ocrx_word' id='word_1_17' title='bbox 607 975 790 1039; x_wconf 85' lang='lat' dir='ltr'><strong>arbitrantur</strong></span> <span class='ocrx_word' id='word_1_18' title='bbox 811 978 1030 1064; x_wconf 84' lang='lat' dir='ltr'>indulgentiam</span> <span class='ocrx_word' id='word_1_19' title='bbox 1052 974 1206 1056; x_wconf 85' lang='lat' dir='ltr'>consequi,</span> <span class='ocrx_word' id='word_1_20' title='bbox 1231 972 1288 1035; x_wconf 91' lang='lat' dir='ltr'>nisi</span> 
     </span>
     <span class='ocr_line' id='line_1_4' title="bbox 298 1069 916 1141; baseline 0.018 -11"><span class='ocrx_word' id='word_1_21' title='bbox 298 1069 447 1133; x_wconf 89' lang='lat' dir='ltr'>sociorum</span> <span class='ocrx_word' id='word_1_22' title='bbox 460 1093 584 1134; x_wconf 90' lang='lat' dir='ltr'>suorum</span> <span class='ocrx_word' id='word_1_23' title='bbox 594 1075 718 1138; x_wconf 89' lang='lat' dir='ltr'>nomina</span> <span class='ocrx_word' id='word_1_24' title='bbox 733 1077 916 1141; x_wconf 77' lang='lat' dir='ltr'>detexerint.</span> 
     </span>
    </p>

    <p class='ocr_par' dir='ltr' id='par_1_3' title="bbox 298 1169 1291 1948">
     <span class='ocr_line' id='line_1_5' title="bbox 344 1169 1289 1254; baseline 0.003 -24"><span class='ocrx_word' id='word_1_25' title='bbox 344 1169 424 1232; x_wconf 89' lang='lat' dir='ltr'>Sunt</span> <span class='ocrx_word' id='word_1_26' title='bbox 436 1171 540 1246; x_wconf 90' lang='lat' dir='ltr'>etalii,</span> <span class='ocrx_word' id='word_1_27' title='bbox 559 1173 611 1254; x_wconf 94' lang='lat' dir='ltr'>qui</span> <span class='ocrx_word' id='word_1_28' title='bbox 632 1173 852 1237; x_wconf 90' lang='lat' dir='ltr'>studiosissime</span> <span class='ocrx_word' id='word_1_29' title='bbox 873 1175 903 1237; x_wconf 89' lang='lat' dir='ltr'>in</span> <span class='ocrx_word' id='word_1_30' title='bbox 922 1174 1109 1238; x_wconf 86' lang='lat' dir='ltr'>confessione</span> <span class='ocrx_word' id='word_1_31' title='bbox 1124 1171 1205 1235; x_wconf 88' lang='lat' dir='ltr'>lacta</span> <span class='ocrx_word' id='word_1_32' title='bbox 1221 1192 1289 1252; x_wconf 91' lang='lat' dir='ltr'>per-</span> 
     </span>
     <span class='ocr_line' id='line_1_6' title="bbox 300 1267 1286 1355; baseline 0.005 -27"><span class='ocrx_word' id='word_1_33' title='bbox 300 1267 423 1349; x_wconf 92' lang='lat' dir='ltr'>quirunt</span> <span class='ocrx_word' id='word_1_34' title='bbox 438 1269 579 1345; x_wconf 91' lang='lat' dir='ltr'>aliorum,</span> <span class='ocrx_word' id='word_1_35' title='bbox 607 1273 689 1355; x_wconf 91' lang='lat' dir='ltr'>quod</span> <span class='ocrx_word' id='word_1_36' title='bbox 710 1273 939 1337; x_wconf 89' lang='lat' dir='ltr'>vitiosissimum</span> <span class='ocrx_word' id='word_1_37' title='bbox 963 1272 1049 1336; x_wconf 93' lang='lat' dir='ltr'>nobis</span> <span class='ocrx_word' id='word_1_38' title='bbox 1068 1272 1286 1342; x_wconf 86' lang='lat' dir='ltr'>videturesse,</span> 
     </span>
     <span class='ocr_line' id='line_1_7' title="bbox 298 1367 1291 1456; baseline 0.004 -29"><span class='ocrx_word' id='word_1_39' title='bbox 298 1367 370 1448; x_wconf 87' lang='lat' dir='ltr'>quia</span> <span class='ocrx_word' id='word_1_40' title='bbox 391 1370 555 1432; x_wconf 89' lang='lat' dir='ltr'>secundum</span> <span class='ocrx_word' id='word_1_41' title='bbox 574 1371 692 1453; x_wconf 89' lang='lat' dir='ltr'>Papam</span> <span class='ocrx_word' id='word_1_42' title='bbox 713 1373 914 1456; x_wconf 88' lang='lat' dir='ltr'>Gregorium,</span> <span class='ocrx_word' id='word_1_43' title='bbox 943 1393 1088 1454; x_wconf 89' lang='lat' dir='ltr'>magnum</span> <span class='ocrx_word' id='word_1_44' title='bbox 1108 1369 1291 1434; x_wconf 85' lang='lat' dir='ltr'>curiositatis</span> 
     </span>
     <span class='ocr_line' id='line_1_8' title="bbox 299 1466 1287 1552; baseline 0.004 -26"><span class='ocrx_word' id='word_1_45' title='bbox 299 1474 347 1527; x_wconf 87' lang='lat' dir='ltr'>est</span> <span class='ocrx_word' id='word_1_46' title='bbox 353 1466 471 1528; x_wconf 91' lang='lat' dir='ltr'>vitium.</span> <span class='ocrx_word' id='word_1_47' title='bbox 487 1468 559 1531; x_wconf 89' lang='lat' dir='ltr'>Jam</span> <span class='ocrx_word' id='word_1_48' title='bbox 570 1470 608 1530; x_wconf 89' lang='lat' dir='ltr'>de</span> <span class='ocrx_word' id='word_1_49' title='bbox 622 1470 678 1543; x_wconf 94' lang='lat' dir='ltr'>his,</span> <span class='ocrx_word' id='word_1_50' title='bbox 698 1469 750 1552; x_wconf 92' lang='lat' dir='ltr'>qui</span> <span class='ocrx_word' id='word_1_51' title='bbox 763 1471 812 1532; x_wconf 87' lang='lat' dir='ltr'>vel</span> <span class='ocrx_word' id='word_1_52' title='bbox 820 1470 897 1532; x_wconf 91' lang='lat' dir='ltr'>alios</span> <span class='ocrx_word' id='word_1_53' title='bbox 907 1470 938 1531; x_wconf 90' lang='lat' dir='ltr'>in</span> <span class='ocrx_word' id='word_1_54' title='bbox 949 1468 1134 1533; x_wconf 86' lang='lat' dir='ltr'>consessione</span> <span class='ocrx_word' id='word_1_55' title='bbox 1143 1468 1287 1550; x_wconf 90' lang='lat' dir='ltr'>produnt,</span> 
     </span>
     <span class='ocr_line' id='line_1_9' title="bbox 298 1564 1289 1650; baseline 0.004 -25"><span class='ocrx_word' id='word_1_56' title='bbox 298 1564 347 1626; x_wconf 90' lang='lat' dir='ltr'>vel</span> <span class='ocrx_word' id='word_1_57' title='bbox 363 1568 445 1648; x_wconf 91' lang='lat' dir='ltr'>quod</span> <span class='ocrx_word' id='word_1_58' title='bbox 462 1567 632 1630; x_wconf 86' lang='lat' dir='ltr'>confessum</span> <span class='ocrx_word' id='word_1_59' title='bbox 656 1578 703 1631; x_wconf 87' lang='lat' dir='ltr'>est</span> <span class='ocrx_word' id='word_1_60' title='bbox 725 1570 756 1630; x_wconf 93' lang='lat' dir='ltr'>in</span> <span class='ocrx_word' id='word_1_61' title='bbox 776 1589 899 1631; x_wconf 87' lang='lat' dir='ltr'>causam</span> <span class='ocrx_word' id='word_1_62' title='bbox 921 1568 1072 1650; x_wconf 88' lang='lat' dir='ltr'>publicam</span> <span class='ocrx_word' id='word_1_63' title='bbox 1098 1588 1289 1650; x_wconf 92' lang='lat' dir='ltr'>quocumque</span> 
     </span>
     <span class='ocr_line' id='line_1_10' title="bbox 299 1664 1288 1744; baseline 0.004 -20"><span class='ocrx_word' id='word_1_64' title='bbox 299 1664 389 1725; x_wconf 88' lang='lat' dir='ltr'>modo</span> <span class='ocrx_word' id='word_1_65' title='bbox 401 1666 565 1744; x_wconf 86' lang='lat' dir='ltr'>adducunt,</span> <span class='ocrx_word' id='word_1_66' title='bbox 592 1669 640 1730; x_wconf 88' lang='lat' dir='ltr'>vel</span> <span class='ocrx_word' id='word_1_67' title='bbox 662 1689 681 1730; x_wconf 91' lang='lat' dir='ltr'>a</span> <span class='ocrx_word' id='word_1_68' title='bbox 701 1669 913 1732; x_wconf 90' lang='lat' dir='ltr'>confitentibus</span> <span class='ocrx_word' id='word_1_69' title='bbox 931 1667 1057 1731; x_wconf 88' lang='lat' dir='ltr'>crimina</span> <span class='ocrx_word' id='word_1_70' title='bbox 1075 1667 1224 1730; x_wconf 90' lang='lat' dir='ltr'>sociorum</span> <span class='ocrx_word' id='word_1_71' title='bbox 1239 1667 1288 1728; x_wconf 93' lang='lat' dir='ltr'>in-</span> 
     </span>
     <span class='ocr_line' id='line_1_11' title="bbox 299 1763 1290 1850; baseline 0.004 -27"><span class='ocrx_word' id='word_1_72' title='bbox 299 1763 443 1844; x_wconf 88' lang='lat' dir='ltr'>quirunt,</span> <span class='ocrx_word' id='word_1_73' title='bbox 460 1785 529 1826; x_wconf 89' lang='lat' dir='ltr'>raro</span> <span class='ocrx_word' id='word_1_74' title='bbox 550 1766 688 1848; x_wconf 91' lang='lat' dir='ltr'>quidem,</span> <span class='ocrx_word' id='word_1_75' title='bbox 707 1788 761 1829; x_wconf 92' lang='lat' dir='ltr'>nec</span> <span class='ocrx_word' id='word_1_76' title='bbox 783 1768 948 1831; x_wconf 90' lang='lat' dir='ltr'>secundum</span> <span class='ocrx_word' id='word_1_77' title='bbox 964 1766 1093 1850; x_wconf 88' lang='lat' dir='ltr'>rigorem</span> <span class='ocrx_word' id='word_1_78' title='bbox 1120 1766 1290 1847; x_wconf 86' lang='lat' dir='ltr'>Scriptura-</span> 
     </span>
     <span class='ocr_line' id='line_1_12' title="bbox 298 1864 1240 1948; baseline 0.003 -24"><span class='ocrx_word' id='word_1_79' title='bbox 298 1882 377 1936; x_wconf 92' lang='lat' dir='ltr'>rum,</span> <span class='ocrx_word' id='word_1_80' title='bbox 392 1883 447 1927; x_wconf 88' lang='lat' dir='ltr'>nec</span> <span class='ocrx_word' id='word_1_81' title='bbox 461 1884 551 1927; x_wconf 91' lang='lat' dir='ltr'>aures</span> <span class='ocrx_word' id='word_1_82' title='bbox 561 1866 676 1940; x_wconf 88' lang='lat' dir='ltr'>audire,</span> <span class='ocrx_word' id='word_1_83' title='bbox 694 1886 787 1948; x_wconf 89' lang='lat' dir='ltr'>quam</span> <span class='ocrx_word' id='word_1_84' title='bbox 802 1866 959 1929; x_wconf 86' lang='lat' dir='ltr'>horribiles</span> <span class='ocrx_word' id='word_1_85' title='bbox 969 1865 1040 1938; x_wconf 91' lang='lat' dir='ltr'>sint,</span> <span class='ocrx_word' id='word_1_86' title='bbox 1055 1864 1240 1927; x_wconf 86' lang='lat' dir='ltr'>horrescant.</span> 
     </span>
    </p>

    <p class='ocr_par' dir='ltr' id='par_1_4' title="bbox 222 1960 1302 4320">
     <span class='ocr_line' id='line_1_13' title="bbox 340 1960 1289 2047; baseline 0.003 -25"><span class='ocrx_word' id='word_1_87' title='bbox 340 1960 456 2042; x_wconf 80' lang='lat' dir='ltr'>Tamen</span> <span class='ocrx_word' id='word_1_88' title='bbox 473 1965 782 2047; x_wconf 91' lang='lat' dir='ltr'>quantulumcumque</span> <span class='ocrx_word' id='word_1_89' title='bbox 797 1963 912 2027; x_wconf 91' lang='lat' dir='ltr'>dictum</span> <span class='ocrx_word' id='word_1_90' title='bbox 924 1973 982 2036; x_wconf 88' lang='lat' dir='ltr'>est,</span> <span class='ocrx_word' id='word_1_91' title='bbox 1005 1963 1163 2026; x_wconf 90' lang='lat' dir='ltr'>videamus</span> <span class='ocrx_word' id='word_1_92' title='bbox 1178 1963 1289 2044; x_wconf 92' lang='lat' dir='ltr'>quibus</span> 
     </span>
     <span class='ocr_line' id='line_1_14' title="bbox 296 2060 1289 2145; baseline 0.004 -25"><span class='ocrx_word' id='word_1_93' title='bbox 296 2068 368 2122; x_wconf 91' lang='lat' dir='ltr'>tunc</span> <span class='ocrx_word' id='word_1_94' title='bbox 383 2062 584 2124; x_wconf 91' lang='lat' dir='ltr'>confitendum</span> <span class='ocrx_word' id='word_1_95' title='bbox 601 2061 651 2124; x_wconf 88' lang='lat' dir='ltr'>sit.</span> <span class='ocrx_word' id='word_1_96' title='bbox 673 2062 719 2124; x_wconf 94' lang='lat' dir='ltr'>Hi</span> <span class='ocrx_word' id='word_1_97' title='bbox 738 2062 769 2124; x_wconf 93' lang='lat' dir='ltr'>in</span> <span class='ocrx_word' id='word_1_98' title='bbox 784 2061 891 2145; x_wconf 92' lang='lat' dir='ltr'>primis</span> <span class='ocrx_word' id='word_1_99' title='bbox 911 2062 1074 2143; x_wconf 88' lang='lat' dir='ltr'>dequibus</span> <span class='ocrx_word' id='word_1_100' title='bbox 1094 2060 1226 2122; x_wconf 88' lang='lat' dir='ltr'>diximus</span> <span class='ocrx_word' id='word_1_101' title='bbox 1241 2082 1289 2124; x_wconf 90' lang='lat' dir='ltr'>ca-</span> 
     </span>
     <span class='ocr_line' id='line_1_15' title="bbox 297 2159 1290 2244; baseline 0.001 -25"><span class='ocrx_word' id='word_1_102' title='bbox 297 2160 387 2221; x_wconf 91' lang='lat' dir='ltr'>vendi</span> <span class='ocrx_word' id='word_1_103' title='bbox 398 2167 480 2236; x_wconf 91' lang='lat' dir='ltr'>sunt,</span> <span class='ocrx_word' id='word_1_104' title='bbox 497 2162 640 2242; x_wconf 88' lang='lat' dir='ltr'>quoniam</span> <span class='ocrx_word' id='word_1_105' title='bbox 661 2162 687 2225; x_wconf 91' lang='lat' dir='ltr'>si</span> <span class='ocrx_word' id='word_1_106' title='bbox 707 2162 746 2226; x_wconf 94' lang='lat' dir='ltr'>B.</span> <span class='ocrx_word' id='word_1_107' title='bbox 770 2161 898 2225; x_wconf 91' lang='lat' dir='ltr'>Joannis</span> <span class='ocrx_word' id='word_1_108' title='bbox 922 2161 1062 2244; x_wconf 88' lang='lat' dir='ltr'>Epistola</span> <span class='ocrx_word' id='word_1_109' title='bbox 1077 2160 1177 2242; x_wconf 90' lang='lat' dir='ltr'>prima</span> <span class='ocrx_word' id='word_1_110' title='bbox 1191 2159 1290 2240; x_wconf 88' lang='lat' dir='ltr'>requi-</span> 
     </span>
     <span class='ocr_line' id='line_1_16' title="bbox 296 2257 1285 2330; baseline 0.001 -11"><span class='ocrx_word' id='word_1_111' title='bbox 296 2257 381 2330; x_wconf 91' lang='lat' dir='ltr'>ritur,</span> <span class='ocrx_word' id='word_1_112' title='bbox 409 2258 439 2321; x_wconf 92' lang='lat' dir='ltr'>in</span> <span class='ocrx_word' id='word_1_113' title='bbox 460 2260 600 2323; x_wconf 91' lang='lat' dir='ltr'>omnibus</span> <span class='ocrx_word' id='word_1_114' title='bbox 622 2261 821 2324; x_wconf 85' lang='lat' dir='ltr'>sacramentis</span> <span class='ocrx_word' id='word_1_115' title='bbox 845 2260 978 2323; x_wconf 89' lang='lat' dir='ltr'>moribus</span> <span class='ocrx_word' id='word_1_116' title='bbox 999 2258 1180 2323; x_wconf 90' lang='lat' dir='ltr'>Antichristi</span> <span class='ocrx_word' id='word_1_117' title='bbox 1203 2268 1285 2320; x_wconf 89' lang='lat' dir='ltr'>sunt.</span> 
     </span>
     <span class='ocr_line' id='line_1_17' title="bbox 298 2357 1289 2441; baseline 0 -22"><span class='ocrx_word' id='word_1_118' title='bbox 298 2357 416 2434; x_wconf 77' lang='lat' dir='ltr'>Quibus</span> <span class='ocrx_word' id='word_1_119' title='bbox 437 2360 660 2441; x_wconf 84' lang='lat' dir='ltr'>praetermissis,</span> <span class='ocrx_word' id='word_1_120' title='bbox 686 2361 716 2422; x_wconf 95' lang='lat' dir='ltr'>in</span> <span class='ocrx_word' id='word_1_121' title='bbox 731 2361 841 2423; x_wconf 90' lang='lat' dir='ltr'>Veteri</span> <span class='ocrx_word' id='word_1_122' title='bbox 862 2360 1059 2423; x_wconf 84' lang='lat' dir='ltr'>Testamento</span> <span class='ocrx_word' id='word_1_123' title='bbox 1080 2357 1289 2422; x_wconf 87' lang='lat' dir='ltr'>sacerdotibus</span> 
     </span>
     <span class='ocr_line' id='line_1_18' title="bbox 295 2457 1288 2540; baseline 0.001 -21"><span class='ocrx_word' id='word_1_124' title='bbox 295 2458 380 2539; x_wconf 89' lang='lat' dir='ltr'>lepra</span> <span class='ocrx_word' id='word_1_125' title='bbox 400 2460 594 2523; x_wconf 85' lang='lat' dir='ltr'>ostenditur:</span> <span class='ocrx_word' id='word_1_126' title='bbox 617 2461 734 2524; x_wconf 88' lang='lat' dir='ltr'>Levitae</span> <span class='ocrx_word' id='word_1_127' title='bbox 757 2460 983 2523; x_wconf 89' lang='lat' dir='ltr'>tabernaculum</span> <span class='ocrx_word' id='word_1_128' title='bbox 1010 2457 1131 2522; x_wconf 87' lang='lat' dir='ltr'>foederis</span> <span class='ocrx_word' id='word_1_129' title='bbox 1152 2478 1288 2540; x_wconf 91' lang='lat' dir='ltr'>compor-</span> 
     </span>
     <span class='ocr_line' id='line_1_19' title="bbox 297 2557 1286 2642; baseline -0.002 -22"><span class='ocrx_word' id='word_1_130' title='bbox 297 2565 374 2626; x_wconf 89' lang='lat' dir='ltr'>tant,</span> <span class='ocrx_word' id='word_1_131' title='bbox 392 2558 522 2642; x_wconf 82' lang='lat' dir='ltr'>erigrmt,</span> <span class='ocrx_word' id='word_1_132' title='bbox 541 2560 708 2642; x_wconf 89' lang='lat' dir='ltr'>deponunt.</span> <span class='ocrx_word' id='word_1_133' title='bbox 723 2557 1052 2641; x_wconf 87' lang='lat' dir='ltr'>Tabcmaculispopuli</span> <span class='ocrx_word' id='word_1_134' title='bbox 1067 2557 1286 2620; x_wconf 88' lang='lat' dir='ltr'>etabemaculo</span> 
     </span>
     <span class='ocr_line' id='line_1_20' title="bbox 295 2655 1287 2740; baseline 0 -23"><span class='ocrx_word' id='word_1_135' title='bbox 295 2655 417 2719; x_wconf 88' lang='lat' dir='ltr'>foederis</span> <span class='ocrx_word' id='word_1_136' title='bbox 431 2658 594 2721; x_wconf 89' lang='lat' dir='ltr'>terminum</span> <span class='ocrx_word' id='word_1_137' title='bbox 609 2666 737 2738; x_wconf 94' lang='lat' dir='ltr'>ponunt,</span> <span class='ocrx_word' id='word_1_138' title='bbox 759 2678 799 2720; x_wconf 87' lang='lat' dir='ltr'>ne</span> <span class='ocrx_word' id='word_1_139' title='bbox 814 2658 975 2720; x_wconf 86' lang='lat' dir='ltr'>indiscrete</span> <span class='ocrx_word' id='word_1_140' title='bbox 990 2656 1234 2740; x_wconf 87' lang='lat' dir='ltr'>appropinquent</span> <span class='ocrx_word' id='word_1_141' title='bbox 1248 2657 1287 2717; x_wconf 89' lang='lat' dir='ltr'>ad</span> 
     </span>
     <span class='ocr_line' id='line_1_21' title="bbox 296 2754 1286 2836; baseline 0 -20"><span class='ocrx_word' id='word_1_142' title='bbox 296 2755 533 2829; x_wconf 88' lang='lat' dir='ltr'>tabernaculum,</span> <span class='ocrx_word' id='word_1_143' title='bbox 549 2763 581 2818; x_wconf 88' lang='lat' dir='ltr'>et</span> <span class='ocrx_word' id='word_1_144' title='bbox 593 2756 770 2817; x_wconf 87' lang='lat' dir='ltr'>moriantur.</span> <span class='ocrx_word' id='word_1_145' title='bbox 789 2756 1029 2818; x_wconf 87' lang='lat' dir='ltr'>Tabemaculum</span> <span class='ocrx_word' id='word_1_146' title='bbox 1042 2754 1162 2817; x_wconf 88' lang='lat' dir='ltr'>loederis</span> <span class='ocrx_word' id='word_1_147' title='bbox 1177 2776 1286 2836; x_wconf 91' lang='lat' dir='ltr'>corpus</span> 
     </span>
     <span class='ocr_line' id='line_1_22' title="bbox 295 2852 1285 2935; baseline 0.001 -21"><span class='ocrx_word' id='word_1_148' title='bbox 295 2861 342 2915; x_wconf 91' lang='lat' dir='ltr'>est</span> <span class='ocrx_word' id='word_1_149' title='bbox 356 2853 414 2916; x_wconf 91' lang='lat' dir='ltr'>Dei</span> <span class='ocrx_word' id='word_1_150' title='bbox 429 2861 462 2915; x_wconf 88' lang='lat' dir='ltr'>et</span> <span class='ocrx_word' id='word_1_151' title='bbox 472 2852 628 2915; x_wconf 92' lang='lat' dir='ltr'>hominum</span> <span class='ocrx_word' id='word_1_152' title='bbox 638 2853 825 2926; x_wconf 88' lang='lat' dir='ltr'>mediatoris,</span> <span class='ocrx_word' id='word_1_153' title='bbox 847 2873 942 2935; x_wconf 93' lang='lat' dir='ltr'>aquo</span> <span class='ocrx_word' id='word_1_154' title='bbox 958 2853 1075 2915; x_wconf 85' lang='lat' dir='ltr'>Levitae</span> <span class='ocrx_word' id='word_1_155' title='bbox 1095 2853 1207 2934; x_wconf 90' lang='lat' dir='ltr'>populo</span> <span class='ocrx_word' id='word_1_156' title='bbox 1221 2861 1285 2915; x_wconf 88' lang='lat' dir='ltr'>ter-</span> 
     </span>
     <span class='ocr_line' id='line_1_23' title="bbox 295 2951 1285 3035; baseline 0 -22"><span class='ocrx_word' id='word_1_157' title='bbox 295 2952 410 3013; x_wconf 91' lang='lat' dir='ltr'>minum</span> <span class='ocrx_word' id='word_1_158' title='bbox 429 2958 555 3034; x_wconf 90' lang='lat' dir='ltr'>ponunt,</span> <span class='ocrx_word' id='word_1_159' title='bbox 580 2953 652 3014; x_wconf 91' lang='lat' dir='ltr'>dum</span> <span class='ocrx_word' id='word_1_160' title='bbox 669 2972 724 3033; x_wconf 93' lang='lat' dir='ltr'>pro</span> <span class='ocrx_word' id='word_1_161' title='bbox 740 2951 850 3034; x_wconf 91' lang='lat' dir='ltr'>quibus</span> <span class='ocrx_word' id='word_1_162' title='bbox 868 2951 1030 3035; x_wconf 88' lang='lat' dir='ltr'>peccatisa</span> <span class='ocrx_word' id='word_1_163' title='bbox 1045 2971 1152 3013; x_wconf 90' lang='lat' dir='ltr'>mensa</span> <span class='ocrx_word' id='word_1_164' title='bbox 1162 2951 1285 3014; x_wconf 91' lang='lat' dir='ltr'>Domini</span> 
     </span>
     <span class='ocr_line' id='line_1_24' title="bbox 295 3049 1286 3123; baseline -0.001 -10"><span class='ocrx_word' id='word_1_165' title='bbox 295 3051 447 3113; x_wconf 86' lang='lat' dir='ltr'>abstinere</span> <span class='ocrx_word' id='word_1_166' title='bbox 455 3051 576 3123; x_wconf 87' lang='lat' dir='ltr'>debeat,</span> <span class='ocrx_word' id='word_1_167' title='bbox 591 3051 710 3114; x_wconf 89' lang='lat' dir='ltr'>docent.</span> <span class='ocrx_word' id='word_1_168' title='bbox 726 3051 775 3113; x_wconf 91' lang='lat' dir='ltr'>De</span> <span class='ocrx_word' id='word_1_169' title='bbox 786 3050 1020 3114; x_wconf 83' lang='lat' dir='ltr'>subdiaconibus</span> <span class='ocrx_word' id='word_1_170' title='bbox 1029 3049 1158 3113; x_wconf 88' lang='lat' dir='ltr'>dicitur:</span> <span class='ocrx_word' id='word_1_171' title='bbox 1174 3080 1187 3102; x_wconf 70' lang='lat' dir='ltr'>a</span> <span class='ocrx_word' id='word_1_172' title='bbox 1196 3050 1286 3112; x_wconf 92' lang='lat' dir='ltr'>Mun·</span> 
     </span>
     <span class='ocr_line' id='line_1_25' title="bbox 294 3148 1281 3232; baseline -0.001 -20"><span class='ocrx_word' id='word_1_173' title='bbox 294 3150 410 3212; x_wconf 84' lang='lat' dir='ltr'>damini</span> <span class='ocrx_word' id='word_1_174' title='bbox 420 3150 471 3232; x_wconf 93' lang='lat' dir='ltr'>qui</span> <span class='ocrx_word' id='word_1_175' title='bbox 484 3150 570 3212; x_wconf 89' lang='lat' dir='ltr'>fertis</span> <span class='ocrx_word' id='word_1_176' title='bbox 585 3171 660 3213; x_wconf 89' lang='lat' dir='ltr'>vasa</span> <span class='ocrx_word' id='word_1_177' title='bbox 679 3150 813 3213; x_wconf 87' lang='lat' dir='ltr'>Domini.</span> <span class='ocrx_word' id='word_1_178' title='bbox 839 3182 851 3203; x_wconf 74' lang='lat' dir='ltr'>n</span> <span class='ocrx_word' id='word_1_179' title='bbox 873 3151 969 3222; x_wconf 88' lang='lat' dir='ltr'>Vasa,</span> <span class='ocrx_word' id='word_1_180' title='bbox 987 3149 1078 3212; x_wconf 87' lang='lat' dir='ltr'>corda</span> <span class='ocrx_word' id='word_1_181' title='bbox 1091 3148 1281 3232; x_wconf 74' lang='lat' dir='ltr'>significant3</span> 
     </span>
     <span class='ocr_line' id='line_1_26' title="bbox 294 3247 1302 3332; baseline -0.001 -21"><span class='ocrx_word' id='word_1_182' title='bbox 294 3249 373 3311; x_wconf 90' lang='lat' dir='ltr'>unde</span> <span class='ocrx_word' id='word_1_183' title='bbox 385 3249 416 3310; x_wconf 94' lang='lat' dir='ltr'>in</span> <span class='ocrx_word' id='word_1_184' title='bbox 425 3249 593 3332; x_wconf 86' lang='lat' dir='ltr'>Evangelio</span> <span class='ocrx_word' id='word_1_185' title='bbox 608 3271 616 3310; x_wconf 77' lang='grc' dir='ltr'><strong>ι</strong></span> <span class='ocrx_word' id='word_1_186' title='bbox 638 3279 650 3300; x_wconf 67' lang='grc' dir='ltr'>ι·</span> <span class='ocrx_word' id='word_1_187' title='bbox 666 3249 837 3312; x_wconf 89' lang='lat' dir='ltr'>Prudentes</span> <span class='ocrx_word' id='word_1_188' title='bbox 847 3268 920 3311; x_wconf 90' lang='lat' dir='ltr'>vero</span> <span class='ocrx_word' id='word_1_189' title='bbox 938 3256 1119 3331; x_wconf 85' lang='lat' dir='ltr'>acceperunt</span> <span class='ocrx_word' id='word_1_190' title='bbox 1135 3248 1234 3310; x_wconf 91' lang='lat' dir='ltr'>oleum</span> <span class='ocrx_word' id='word_1_191' title='bbox 1253 3247 1302 3310; x_wconf 85' lang='lat' dir='ltr'>in-</span> 
     </span>
     <span class='ocr_line' id='line_1_27' title="bbox 222 3347 1282 3432; baseline -0.002 -21"><span class='ocrx_word' id='word_1_192' title='bbox 222 3416 234 3432; x_wconf 37' lang='lat'>„</span> <span class='ocrx_word' id='word_1_193' title='bbox 293 3349 375 3411; x_wconf 84' lang='lat' dir='ltr'>vasis</span> <span class='ocrx_word' id='word_1_194' title='bbox 388 3349 530 3413; x_wconf 91' lang='lat' dir='ltr'>suiscum</span> <span class='ocrx_word' id='word_1_195' title='bbox 541 3348 731 3430; x_wconf 87' lang='lat' dir='ltr'>lampadibus</span> <span class='ocrx_word' id='word_1_196' title='bbox 749 3380 777 3411; x_wconf 76' lang='lat' dir='ltr'>n.</span> <span class='ocrx_word' id='word_1_197' title='bbox 795 3347 979 3410; x_wconf 92' lang='lat' dir='ltr'>Subdiaconi</span> <span class='ocrx_word' id='word_1_198' title='bbox 1000 3348 1104 3428; x_wconf 86' lang='lat' dir='ltr'>itaque</span> <span class='ocrx_word' id='word_1_199' title='bbox 1120 3367 1195 3409; x_wconf 89' lang='lat' dir='ltr'>vasa</span> <span class='ocrx_word' id='word_1_200' title='bbox 1214 3348 1282 3410; x_wconf 92' lang='lat' dir='ltr'>Do·</span> 
     </span>
     <span class='ocr_line' id='line_1_28' title="bbox 294 3445 1281 3529; baseline 0 -20"><span class='ocrx_word' id='word_1_201' title='bbox 294 3448 367 3510; x_wconf 94' lang='lat' dir='ltr'>mini</span> <span class='ocrx_word' id='word_1_202' title='bbox 381 3449 496 3522; x_wconf 86' lang='lat' dir='ltr'>lavant,</span> <span class='ocrx_word' id='word_1_203' title='bbox 523 3468 592 3510; x_wconf 91' lang='lat' dir='ltr'>cum</span> <span class='ocrx_word' id='word_1_204' title='bbox 604 3446 804 3511; x_wconf 84' lang='lat' dir='ltr'>conscientias</span> <span class='ocrx_word' id='word_1_205' title='bbox 816 3447 964 3509; x_wconf 86' lang='lat' dir='ltr'>mundant</span> <span class='ocrx_word' id='word_1_206' title='bbox 978 3468 983 3506; x_wconf 92' lang='lat'>:</span> <span class='ocrx_word' id='word_1_207' title='bbox 1000 3445 1133 3529; x_wconf 80' lang='lat' dir='ltr'>acolythi</span> <span class='ocrx_word' id='word_1_208' title='bbox 1149 3445 1281 3509; x_wconf 91' lang='lat' dir='ltr'>lumina·</span> 
     </span>
     <span class='ocr_line' id='line_1_29' title="bbox 293 3543 1282 3616; baseline -0.001 -8"><span class='ocrx_word' id='word_1_209' title='bbox 293 3548 338 3609; x_wconf 84' lang='lat' dir='ltr'>ria</span> <span class='ocrx_word' id='word_1_210' title='bbox 352 3548 521 3610; x_wconf 90' lang='lat' dir='ltr'>accendunt</span> <span class='ocrx_word' id='word_1_211' title='bbox 531 3546 695 3616; x_wconf 85' lang='lat' dir='ltr'>Ecclesiae;</span> <span class='ocrx_word' id='word_1_212' title='bbox 726 3544 944 3607; x_wconf 87' lang='lat' dir='ltr'>exorcistarum</span> <span class='ocrx_word' id='word_1_213' title='bbox 958 3552 1006 3607; x_wconf 90' lang='lat' dir='ltr'>est</span> <span class='ocrx_word' id='word_1_214' title='bbox 1024 3543 1154 3607; x_wconf 89' lang='lat' dir='ltr'>officium</span> <span class='ocrx_word' id='word_1_215' title='bbox 1171 3566 1211 3607; x_wconf 91' lang='lat' dir='ltr'>ex</span> <span class='ocrx_word' id='word_1_216' title='bbox 1231 3546 1282 3607; x_wconf 93' lang='lat' dir='ltr'>ob·</span> 
     </span>
     <span class='ocr_line' id='line_1_30' title="bbox 292 3642 1281 3728; baseline -0.004 -18"><span class='ocrx_word' id='word_1_217' title='bbox 292 3648 385 3710; x_wconf 87' lang='lat' dir='ltr'>cessis</span> <span class='ocrx_word' id='word_1_218' title='bbox 399 3645 573 3728; x_wconf 91' lang='lat' dir='ltr'>corporibus</span> <span class='ocrx_word' id='word_1_219' title='bbox 579 3643 729 3707; x_wconf 88' lang='lat' dir='ltr'>daemonia</span> <span class='ocrx_word' id='word_1_220' title='bbox 740 3642 877 3725; x_wconf 77' lang='lat' dir='ltr'>effugare</span> <span class='ocrx_word' id='word_1_221' title='bbox 892 3665 899 3715; x_wconf 90' lang='lat'>;</span> <span class='ocrx_word' id='word_1_222' title='bbox 922 3643 1068 3706; x_wconf 88' lang='lat' dir='ltr'>lectorum</span> <span class='ocrx_word' id='word_1_223' title='bbox 1082 3649 1139 3713; x_wconf 82' lang='lat' dir='ltr'>est,</span> <span class='ocrx_word' id='word_1_224' title='bbox 1157 3646 1281 3706; x_wconf 90' lang='lat' dir='ltr'>verbum</span> 
     </span>
     <span class='ocr_line' id='line_1_31' title="bbox 292 3742 1282 3824; baseline -0.004 -16"><span class='ocrx_word' id='word_1_225' title='bbox 292 3745 351 3808; x_wconf 85' lang='lat' dir='ltr'>Dei</span> <span class='ocrx_word' id='word_1_226' title='bbox 363 3743 474 3807; x_wconf 83' lang='lat' dir='ltr'>referre</span> <span class='ocrx_word' id='word_1_227' title='bbox 489 3767 496 3816; x_wconf 91' lang='lat'>;</span> <span class='ocrx_word' id='word_1_228' title='bbox 523 3743 714 3808; x_wconf 89' lang='lat' dir='ltr'>ostiariorum</span> <span class='ocrx_word' id='word_1_229' title='bbox 731 3751 799 3816; x_wconf 87' lang='lat' dir='ltr'>cst,</span> <span class='ocrx_word' id='word_1_230' title='bbox 820 3742 989 3805; x_wconf 89' lang='lat' dir='ltr'>Ecclesiam</span> <span class='ocrx_word' id='word_1_231' title='bbox 1007 3742 1134 3824; x_wconf 88' lang='lat' dir='ltr'>aperire.</span> <span class='ocrx_word' id='word_1_232' title='bbox 1160 3742 1236 3820; x_wconf 82' lang='lat' dir='ltr'>Quae</span> <span class='ocrx_word' id='word_1_233' title='bbox 1254 3742 1282 3804; x_wconf 90' lang='lat' dir='ltr'>si</span> 
     </span>
     <span class='ocr_line' id='line_1_32' title="bbox 293 3841 1281 3928; baseline -0.001 -23"><span class='ocrx_word' id='word_1_234' title='bbox 293 3845 395 3907; x_wconf 87' lang='lat' dir='ltr'>omnia</span> <span class='ocrx_word' id='word_1_235' title='bbox 409 3843 569 3928; x_wconf 86' lang='lat' dir='ltr'>diligenter</span> <span class='ocrx_word' id='word_1_236' title='bbox 585 3843 753 3915; x_wconf 87' lang='lat' dir='ltr'>intuentur,</span> <span class='ocrx_word' id='word_1_237' title='bbox 775 3842 815 3904; x_wconf 88' lang='lat' dir='ltr'>ad</span> <span class='ocrx_word' id='word_1_238' title='bbox 838 3841 895 3904; x_wconf 90' lang='lat' dir='ltr'>hoc</span> <span class='ocrx_word' id='word_1_239' title='bbox 916 3842 992 3905; x_wconf 89' lang='lat' dir='ltr'>fiunt</span> <span class='ocrx_word' id='word_1_240' title='bbox 1005 3841 1173 3916; x_wconf 88' lang='lat' dir='ltr'>visibiliter,</span> <span class='ocrx_word' id='word_1_241' title='bbox 1192 3851 1226 3904; x_wconf 89' lang='lat' dir='ltr'>ut</span> <span class='ocrx_word' id='word_1_242' title='bbox 1242 3843 1281 3904; x_wconf 94' lang='lat' dir='ltr'>ab</span> 
     </span>
     <span class='ocr_line' id='line_1_33' title="bbox 294 3940 1282 4025; baseline -0.002 -21"><span class='ocrx_word' id='word_1_243' title='bbox 294 3942 352 4015; x_wconf 90' lang='lat' dir='ltr'>his,</span> <span class='ocrx_word' id='word_1_244' title='bbox 368 3943 507 4025; x_wconf 86' lang='lat' dir='ltr'>aquibus</span> <span class='ocrx_word' id='word_1_245' title='bbox 518 3944 605 4015; x_wconf 89' lang='lat' dir='ltr'>fiunt,</span> <span class='ocrx_word' id='word_1_246' title='bbox 628 3944 703 4005; x_wconf 91' lang='lat' dir='ltr'>fiant</span> <span class='ocrx_word' id='word_1_247' title='bbox 713 3962 768 4024; x_wconf 91' lang='lat' dir='ltr'>per</span> <span class='ocrx_word' id='word_1_248' title='bbox 789 3940 1017 4004; x_wconf 85' lang='lat' dir='ltr'>mundationem</span> <span class='ocrx_word' id='word_1_249' title='bbox 1032 3940 1282 4004; x_wconf 88' lang='lat' dir='ltr'>conscientiarum</span> 
     </span>
     <span class='ocr_line' id='line_1_34' title="bbox 293 4038 1282 4124; baseline -0.002 -22"><span class='ocrx_word' id='word_1_250' title='bbox 293 4041 493 4104; x_wconf 87' lang='lat' dir='ltr'>invisibiliter.</span> <span class='ocrx_word' id='word_1_251' title='bbox 504 4041 637 4104; x_wconf 90' lang='lat' dir='ltr'>UndeB.</span> <span class='ocrx_word' id='word_1_252' title='bbox 649 4040 850 4124; x_wconf 82' lang='lat' dir='ltr'>Augustinus,</span> <span class='ocrx_word' id='word_1_253' title='bbox 865 4041 896 4102; x_wconf 93' lang='lat' dir='ltr'>in</span> <span class='ocrx_word' id='word_1_254' title='bbox 905 4048 1037 4104; x_wconf 81' lang='lat' dir='ltr'>tractatu</span> <span class='ocrx_word' id='word_1_255' title='bbox 1046 4048 1135 4104; x_wconf 90' lang='lat' dir='ltr'>sexto</span> <span class='ocrx_word' id='word_1_256' title='bbox 1146 4038 1282 4120; x_wconf 83' lang='lat' dir='ltr'>epistolae</span> 
     </span>
     <span class='ocr_line' id='line_1_35' title="bbox 294 4137 1281 4223; baseline -0.004 -21"><span class='ocrx_word' id='word_1_257' title='bbox 294 4140 328 4202; x_wconf 89' lang='lat' dir='ltr'>S.</span> <span class='ocrx_word' id='word_1_258' title='bbox 347 4139 474 4202; x_wconf 83' lang='lat' dir='ltr'>loannis</span> <span class='ocrx_word' id='word_1_259' title='bbox 486 4141 639 4222; x_wconf 90' lang='lat' dir='ltr'>Apostoli,</span> <span class='ocrx_word' id='word_1_260' title='bbox 654 4140 698 4203; x_wconf 93' lang='lat' dir='ltr'>sic</span> <span class='ocrx_word' id='word_1_261' title='bbox 707 4141 745 4202; x_wconf 90' lang='lat' dir='ltr'>de</span> <span class='ocrx_word' id='word_1_262' title='bbox 760 4139 921 4221; x_wconf 76' lang='lat' dir='ltr'>Baptismo</span> <span class='ocrx_word' id='word_1_263' title='bbox 941 4164 947 4202; x_wconf 92' lang='lat'>:</span> <span class='ocrx_word' id='word_1_264' title='bbox 967 4171 981 4193; x_wconf 65' lang='lat' dir='ltr'>a</span> <span class='ocrx_word' id='word_1_265' title='bbox 996 4140 1091 4223; x_wconf 87' lang='lat' dir='ltr'>Aqua</span> <span class='ocrx_word' id='word_1_266' title='bbox 1100 4137 1281 4201; x_wconf 88' lang='lat' dir='ltr'>sacramenti</span> 
     </span>
     <span class='ocr_line' id='line_1_36' title="bbox 294 4236 1275 4320; baseline -0.004 -20"><span class='ocrx_word' id='word_1_267' title='bbox 294 4238 419 4302; x_wconf 91' lang='lat' dir='ltr'>visibilis</span> <span class='ocrx_word' id='word_1_268' title='bbox 440 4246 498 4314; x_wconf 88' lang='lat' dir='ltr'>est,</span> <span class='ocrx_word' id='word_1_269' title='bbox 517 4259 598 4320; x_wconf 90' lang='lat' dir='ltr'>aqua</span> <span class='ocrx_word' id='word_1_270' title='bbox 613 4238 738 4320; x_wconf 91' lang='lat' dir='ltr'>spiritus</span> <span class='ocrx_word' id='word_1_271' title='bbox 755 4236 933 4311; x_wconf 89' lang='lat' dir='ltr'>invisibilis;</span> <span class='ocrx_word' id='word_1_272' title='bbox 957 4238 1017 4301; x_wconf 89' lang='lat' dir='ltr'>ista</span> <span class='ocrx_word' id='word_1_273' title='bbox 1039 4236 1134 4300; x_wconf 86' lang='lat' dir='ltr'>abluit</span> <span class='ocrx_word' id='word_1_274' title='bbox 1157 4256 1275 4317; x_wconf 88' lang='lat' dir='ltr'>corpus,</span> 
     </span>
    </p>
   </div>
   <div class='ocr_carea' id='block_1_3' title="bbox 0 0 1596 5442">
    <p class='ocr_par' dir='ltr' id='par_1_5' title="bbox 0 0 1596 5442">
     <span class='ocr_line' id='line_1_37' title="bbox 0 0 1596 5442; baseline 0 2"><span class='ocrx_word' id='word_1_275' title='bbox 0 0 1596 5442; x_wconf 95' lang='lat' dir='ltr'> </span> 
     </span>
    </p>
   </div>
  </div>
 </body>
</html>
