3184 5442
481 740 598 784 ocosse
623 746 656 786 nc
679 747 728 788 ne.
755 747 796 788 ao
822 749 913 789 {raam
1136 734 1200 796 135

640 1072 709 1113 CAP.
736 1075 767 1114 t.

252 1263 367 1327 Omnis
399 1287 532 1355 namque
555 1266 748 1355 Pontific]
771 1271 867 1348 Quasi
890 1272 1022 1336 diceret:
1055 1274 1125 1337 Non
1155 1284 1202 1341 est

204 1363 399 1427 diffidendum
422 1364 497 1446 quin
520 1386 576 1447 per
603 1366 682 1429 hunc
705 1367 885 1433 Pontificem
909 1371 1143 1436 misericordiam
1169 1383 1202 1438 et

205 1463 335 1545 gratiam
357 1483 579 1546 consequamur
593 1487 600 1536 ;
619 1464 691 1546 quia
709 1465 759 1526 alii
781 1465 874 1530 etiam
891 1468 1051 1550 pontifices
1066 1473 1118 1554 qui
1131 1473 1200 1555 puri

204 1561 342 1626 homines
364 1571 456 1638 sunt,
477 1563 518 1625 ad
537 1562 601 1626 haec
621 1563 832 1645 impetranda,
852 1566 1022 1631 hominibus
1044 1571 1201 1636 constituti

204 1669 287 1724 sunt.
312 1697 357 1710 -
378 1661 624 1724 Melchisedech.
637 1662 889 1748 ]·Melchisedeoh
911 1687 1022 1749 panem
1043 1675 1075 1732 et
1095 1669 1198 1733 vinum

204 1761 371 1825 sacrificare
394 1763 463 1826 Deo
489 1763 668 1836 constituit;
693 1784 784 1846 quem
814 1764 908 1829 ritum
933 1766 1082 1830 Dominus
1106 1769 1199 1833 Jesus

205 1860 345 1926 Christus
356 1857 548 1938 observavit,
566 1871 598 1926 et
611 1863 640 1925 in
656 1864 794 1928 Ecclesia
807 1885 862 1927 sua
871 1865 1024 1928 observari
1040 1867 1193 1950 pracepit.

204 1997 249 2010 -
270 1961 364 2024 Illam
378 1961 663 2049 solcnmfacereta
674 1962 807 2048 morte]
821 1964 893 2027 Non
901 1971 937 2027 ut
951 1972 1129 2037 moreretur,
1144 1967 1198 2030 sed

204 2067 240 2124 ut
264 2060 524 2124 resuscitandusa
548 2073 646 2124 morte
668 2081 728 2124 non
753 2067 918 2124 teneretur.
946 2097 986 2109 -
1010 2063 1056 2124 Et
1074 2061 1198 2148 quidem

206 2181 274 2222 cnm
287 2172 379 2221 esset.
391 2159 403 2244 ]
413 2160 550 2242 Exponit
564 2161 663 2242 ipsam
678 2161 891 2224 reverentiam.
906 2161 1022 2246 Magna
1037 2162 1118 2224 enim
1132 2163 1200 2225 reli-

205 2258 255 2342 gio
279 2257 336 2322 luit
360 2279 429 2321 eum
452 2260 505 2341 qui
525 2259 650 2342 aqualis
673 2267 740 2323 erat
758 2261 846 2324 Patri
875 2260 983 2324 duram
1009 2260 1040 2323 in
1061 2261 1202 2344 passione

205 2357 311 2422 mortis
332 2357 535 2420 obedientiam
561 2357 703 2441 experiri.
728 2393 773 2407 -
796 2362 841 2421 Et
868 2372 1100 2422 consummatus
1123 2359 1202 2445 est]

205 2457 445 2521 Consummatus
463 2459 520 2520 etsi
535 2457 603 2519 aliis
613 2456 734 2522 videtur
752 2458 904 2535 seductor,
919 2458 979 2523 illis
996 2465 1100 2522 tamen
1120 2448 1205 2522 visus

204 2555 513 2636 estconsummatus,
531 2557 637 2632 idest,
652 2557 824 2639 perfectus,
842 2558 895 2641 qui
917 2560 1203 2642 obtemperaverunt

204 2657 262 2720 sibi
272 2677 365 2721 causa
382 2656 490 2719 salutis
503 2665 632 2719 atemae.
652 2658 761 2721 Potest
774 2665 807 2722 et
821 2657 866 2721 ita
885 2657 1049 2741 distingui,
1062 2664 1098 2721 ut
1111 2677 1204 2721 causa

205 2755 410 2819 nominativus
428 2774 517 2819 casus
531 2755 583 2831 sit,
596 2756 653 2819 hoc
664 2756 755 2819 modo
769 2778 776 2829 ;
795 2764 828 2819 et
841 2765 1079 2830 consummatus,
1094 2756 1126 2818 id
1135 2763 1202 2830 est,

204 2854 372 2940 perfectus,
400 2856 447 2918 vel
474 2856 513 2917 ab
537 2856 594 2919 hoc
617 2857 726 2920 saeculo
747 2863 904 2931 mortuus,
922 2854 1022 2920 factus
1045 2861 1093 2918 est
1115 2875 1207 2918 causa

205 2954 313 3019 salutis
337 2960 457 3018 aeternae
479 2955 619 3018 omnibus
641 2955 921 3037 obtemperantibus
944 2954 1022 3017 sibi:
1039 2973 1095 3035 per
1114 2953 1206 3015 fidem

207 3054 287 3118 enim
300 3053 466 3137 passioniS,
482 3061 514 3116 et
527 3054 754 3118 resurrectionis
767 3054 847 3118 illius
862 3053 1020 3116 salvantur
1032 3051 1201 3115 credentes.

207 3190 251 3203 -
273 3153 374 3215 Juxta
400 3152 578 3239 ordinem]
593 3155 690 3217 Juxta
712 3154 803 3216 ritum
821 3150 968 3215 offerendi
985 3169 1096 3233 panem
1113 3156 1145 3211 et
1159 3149 1207 3210 vi·

207 3254 378 3335 num,quod
394 3252 618 3316 Melchisedech
630 3252 747 3334 primus
757 3249 865 3314 fecisse
876 3248 987 3333 legitur
999 3270 1006 3320 3
1020 3268 1087 3330 quae
1102 3253 1204 3309 tamen

207 3352 238 3415 in
253 3350 368 3416 Christi
384 3372 505 3414 carnem
521 3361 553 3414 et
568 3351 747 3435 sanguinem
763 3357 988 3413 convertuntur.
1013 3380 1057 3395 -
1082 3347 1130 3407 De
1145 3366 1205 3431 quo

205 3449 374 3536 grandia]
389 3450 445 3525 Si,
467 3450 585 3532 inquit,
604 3450 752 3514 vellemus
766 3447 853 3512 vobis
867 3466 1018 3531 exponere
1038 3464 1092 3508 cur
1105 3443 1207 3509 Chris

206 3558 258 3614 tus
283 3551 448 3615 secundum
464 3550 599 3612 ordinem
616 3546 841 3612 Melchisedech
860 3545 960 3611 factus
978 3551 1027 3609 est
1040 3541 1203 3619 Pontifex,

206 3649 429 3733 grandisnohis
440 3671 540 3713 senno
551 3657 643 3723 esset,
662 3647 862 3723 necessarius,
881 3655 913 3711 et
926 3643 1203 3727 ininterpretabilis,

207 3748 239 3811 id
250 3757 315 3830 est,
327 3750 442 3813 habens
453 3749 566 3813 multas
580 3748 803 3832 expositioneS,
820 3746 1034 3832 mysteriorum
1046 3749 1079 3806 et
1089 3743 1205 3826 allego-

207 3848 333 3912 riarum.
360 3885 399 3897 —
424 3848 518 3911 Facti
532 3858 609 3911 estis
624 3847 669 3910 ad
678 3845 877 3908 audendum.
889 3845 901 3931 ]
914 3845 950 3908 Id
962 3850 1028 3918 est,
1041 3842 1081 3904 ad
1095 3841 1206 3904 intelli-

206 3949 359 4031 gendum:
373 3949 452 4012 siout
467 3949 507 4011 ad
524 3947 715 4012 Corinthios:
729 3967 820 4009 nemo
834 3944 938 4016 audit,
957 3944 989 4006 id
1009 3952 1077 4016 est,
1094 3939 1206 4003 intelli-

206 4046 263 4132 git.
289 4082 334 4094 -
357 4043 499 4107 Excedit
526 4066 704 4106 sermonum
730 4043 803 4105 Dei.
816 4041 828 4127 ]
842 4041 1011 4105 Exordium
1036 4058 1207 4101 sermonum

207 4146 269 4210 Dei
280 4152 371 4209 vocat
385 4144 556 4229 symbolum
572 4144 741 4207 christianae
756 4143 826 4206 fidei
841 4193 848 4216 ,
868 4142 950 4224 quod
961 4159 1022 4202 non
1037 4137 1134 4201 solum
1149 4157 1208 4198 non

208 4244 438 4329 intelligebant,
461 4245 516 4307 sed
541 4265 597 4307 nec
621 4243 720 4326 ipsam
749 4242 951 4305 litteraturam
976 4259 1037 4321 qua
1059 4234 1210 4319 profertur
