3184 5442
292 724 335 788 98
668 743 698 783 n.
725 740 900 785 rauranum

292 893 356 958 tur;
370 903 470 967 neque
482 881 563 949 enim
575 881 707 956 faciunt,
722 889 757 946 nt
771 881 872 966 legem
887 879 1079 954 custodiant,
1097 879 1145 943 vel
1161 886 1288 965 propter

293 984 385 1048 aliud.
412 1017 453 1031 -
476 980 561 1044 Mihi
575 994 679 1044 autem
694 980 776 1044 obsit
787 980 939 1066 gloriari,
954 986 1018 1041 nisi
1029 986 1063 1040 in
1075 1001 1185 1059 cruce,
1199 992 1260 1042 etc.
1276 978 1288 1064 ]

293 1083 329 1147 In
342 1102 431 1147 cruce
447 1079 560 1146 Christi
575 1081 726 1164 gloriabor
741 1087 883 1152 tantum.
900 1078 1046 1162 quiahoc
1066 1087 1187 1143 tantum
1205 1079 1290 1144 valet

293 1183 333 1246 ad
344 1180 459 1247 Christi
473 1180 605 1245 salutem
615 1180 862 1264 promerendam,
874 1200 936 1243 non
948 1178 1030 1242 enirn
1041 1178 1123 1242 atiud
1131 1224 1141 1257 ‚
1150 1178 1222 1262 quia
1232 1199 1288 1241 ne-

294 1303 355 1366 que
375 1280 580 1358 circumcisio,
598 1301 696 1364 neque
713 1279 907 1365 praeputium.
935 1314 976 1328 -
1000 1279 1051 1342 Dc
1069 1291 1194 1342 coetero.
1210 1278 1222 1365 ]
1239 1279 1291 1342 De

294 1380 540 1464 ooetero‚'inquit,
554 1401 644 1444 nemo
659 1387 796 1444 vestrum
809 1399 965 1452 onerosus,
980 1386 1013 1443 et
1025 1379 1203 1454 inobediens
1214 1377 1289 1441 mihi

295 1481 352 1558 sit,
367 1488 480 1565 putans
499 1500 549 1544 me
566 1501 627 1543 non
644 1500 712 1544 esse
727 1478 912 1562 Apostolum
928 1477 1053 1542 Christi.
1080 1513 1124 1527 -
1145 1478 1290 1563 Stigma-

295 1592 341 1643 ta.
359 1577 507 1664 ]Stigma
528 1577 651 1662 proprie
667 1583 742 1641 nota
760 1575 891 1660 fugitivo
912 1596 1002 1640 servo
1024 1577 1190 1660 impressa;
1207 1576 1291 1659 quod

295 1678 509 1764 Apostolusse
520 1686 643 1761 portare
655 1677 740 1754 dicit,
752 1697 789 1741 eo
800 1677 883 1760 qnod
894 1676 979 1760 prius
986 1675 1155 1740 Dominum
1164 1673 1289 1760 fugerit.

299 1813 340 1827 ·-
362 1779 403 1841 Ia
424 1800 556 1865 corpore
570 1800 651 1841 meo.
666 1776 678 1863 ]
692 1777 729 1841 In
752 1797 879 1860 corpore
896 1796 952 1840 suo
970 1777 1115 1860 portabat
1134 1774 1293 1840 cicatrices

297 1878 455 1943 vulnerum
473 1885 506 1943 et
524 1878 694 1963 virgarum,
712 1878 744 1941 in
762 1877 841 1942 collo
861 1883 893 1941 et
914 1876 1055 1940 manibus
1071 1883 1211 1950 catenas;
1224 1895 1294 1959 quae

298 1979 401 2043 omnia
411 1979 498 2064 signa
509 1987 597 2044 erant
610 1999 644 2043 se
658 1998 725 2042 esse
739 1977 865 2042 Domini
873 1976 970 2040 nostri
984 1977 1006 2041 J
1007 1997 1060 2040 esu
1071 1974 1198 2040 Christi.
1211 1975 1295 2059 Stig-

299 2087 385 2144 mata
398 2087 501 2145 autem
510 2087 597 2143 erant
606 2079 695 2163 signa
706 2077 858 2161 quaedam,
874 2098 942 2161 quae
957 2076 988 2140 in
1003 2075 1143 2140 manibus
1155 2075 1293 2139 militan-

300 2178 375 2243 tium
390 2180 520 2254 fiebant,
537 2198 593 2262 per
607 2198 675 2263 quae
693 2177 954 2262 cognoscebantur
967 2197 1035 2241 esse
1052 2176 1090 2239 de
1106 2174 1216 2257 militia
1228 2175 1293 2243 Im-

299 2277 466 2360 paraturis?

571 2571 601 2616 V.
623 2570 658 2617 IN
677 2571 777 2622 EPIST.
796 2572 844 2619 AD
861 2569 1024 2620 EPHESIOS.

738 2803 809 2846 CAP.
836 2806 861 2846 1.
937 2837 941 2842 .

342 2980 381 3045 In
405 2976 616 3066 caelestibus]
634 2977 779 3045 Coelestia
802 2989 894 3046 vocat
918 2981 1066 3057 dauns,
1093 3001 1149 3066 per
1164 3000 1298 3064 quarum

304 3078 531 3148 observantiam
549 3078 611 3145 itur
634 3081 674 3144 ad
701 3080 832 3155 ooelnm;
853 3080 886 3143 in
908 3080 1018 3164 quihus
1038 3079 1112 3145 dicit
1134 3101 1168 3144 se
1186 3079 1300 3144 habere

304 3199 425 3245 ornnem
446 3178 634 3263 spiritualem
658 3181 777 3266 copiam
800 3181 908 3245 infide
931 3179 1054 3245 Christi.
1082 3214 1123 3228 -
1149 3177 1191 3240 In
1203 3175 1299 3267 ipsa]

304 3276 340 3341 In
349 3279 416 3362 ipso
426 3323 435 3354 ‚
447 3278 687 3344 subandiendum
702 3288 750 3345 est
763 3301 989 3364 permansuros;
999 3280 1049 3343 vel
1061 3279 1092 3342 irr
1106 3278 1174 3361 ipso
1187 3276 1296 3363 elegit:

305 3377 378 3459 quia
387 3376 489 3440 omnia
499 3378 529 3439 in
540 3379 691 3464 sapientia
702 3378 774 3444 fecit
783 3401 851 3463 quae
860 3387 908 3445 est
919 3379 1071 3444 Christus.
1098 3414 1139 3428 —
1166 3371 1300 3441 Divitias

302 3481 420 3559 grotioe
441 3475 616 3562 suoe.]Per
642 3500 733 3561 quam
755 3480 885 3564 gratiam
911 3500 972 3543 non
995 3481 1092 3544 solum
1113 3477 1252 3543 remissio
1269 3484 1301 3542 et

305 3571 490 3656 redemptio,
503 3576 557 3639 sed
569 3577 719 3660 sapientia
730 3578 807 3664 (qua
818 3578 937 3652 dicitur,
952 3579 1085 3665 sapitur)
1097 3586 1130 3643 et
1139 3576 1301 3663 prudentia

306 3691 436 3735 morum.
463 3709 503 3720 -
529 3673 569 3736 In
592 3683 678 3738 omni
696 3676 890 3764 sopientioti
902 3678 938 3742 ld
962 3685 1025 3754 est,
1040 3679 1117 3742 dans
1136 3678 1225 3742 nobis
1238 3697 1301 3741 om-

305 3789 376 3832 nem
399 3770 601 3855 sapientiam,
619 3774 650 3837 in
669 3775 823 3860 agnitione
844 3777 906 3853 sui,
926 3784 958 3841 et
972 3776 1164 3860 prudentiam
1183 3796 1301 3841 morum

306 3874 490 3935 nostrorum.
518 3909 557 3934 ψ
587 3872 675 3958 Quid
683 3875 884 3963 proposuit]
909 3877 1031 3942 Bonum
1052 3876 1198 3962 placitum
1213 3896 1302 3941 suum

306 3967 338 4031 in
354 3965 477 4035 Christo
499 3972 586 4037 Deus
605 3974 700 4040 Pater
725 3977 903 4061 proposuit,
924 3978 1039 4051 idest,
1067 3977 1170 4061 palam
1189 3977 1303 4045 mundo

307 4068 456 4144 ostendit,
471 4069 594 4136 dicens:
607 4073 728 4137 Hicest
736 4074 832 4161 filius
848 4099 935 4139 meus
946 4075 1095 4150 dilectus,
1108 4082 1142 4138 in
1154 4096 1215 4161 quo
1226 4073 1304 4139 milri

308 4164 383 4228 bene
403 4169 587 4256 complacui.
613 4210 654 4224 -
678 4174 717 4237 In
739 4173 977 4261 dispensatione
988 4173 1303 4263 plenitudinis.]Vei

307 4271 380 4331 tunc
397 4288 466 4332 oum
481 4271 661 4355 disponebat
675 4275 777 4339 omnia
788 4283 939 4359 tempora,
958 4276 1006 4340 vel
1018 4276 1049 4338 in
1064 4275 1130 4356 ipso
1144 4273 1301 4349 milliario,
