3184 5442
550 725 755 766 suocmnnrun
779 725 848 765 srva
871 726 1028 767 urnuoous.
1222 710 1283 772 291

294 871 352 954 ipsi
370 870 488 932 veloces
509 874 580 929 sunt
599 873 632 927 ut
651 886 744 947 quam
765 865 825 927 cito
840 864 940 927 oriens
961 867 1005 928 sol
1027 869 1213 933 occidentem
1235 893 1291 934 suo

294 970 379 1034 radio
395 969 494 1051 tangit
508 1019 513 1041 ‚
531 975 596 1030 tam
608 966 669 1029 cito
680 967 720 1028 ab
733 966 849 1028 oriente
860 966 890 1027 in
903 967 1090 1031 occidentem
1101 970 1203 1032 venire
1218 992 1290 1053 pos-

294 1073 368 1142 sint,
381 1079 413 1133 et
422 1089 515 1151 quam
525 1067 586 1130 cito
598 1067 701 1129 oculus
712 1087 746 1128 se
757 1066 881 1128 elevans
891 1068 990 1129 visum
1006 1070 1045 1130 ad
1056 1070 1165 1132 ooelum
1175 1071 1287 1155 dirigit,

295 1180 359 1234 tarn
371 1169 433 1234 uilo
448 1168 488 1230 ad
504 1176 617 1228 terram
632 1166 670 1227 de
679 1165 767 1243 ooelo,
782 1166 820 1227 de
832 1173 913 1228 terra
924 1168 964 1228 ad
978 1168 1086 1230 ooelum
1099 1163 1192 1231 relabi
1203 1180 1292 1252 pote·
1349 1204 1351 1209 ·

296 1276 381 1334 runt:
395 1268 452 1331 hoo
462 1265 574 1329 etenim
583 1263 696 1347 Angeli
706 1262 805 1327 faeere
816 1273 955 1346 possunt,
968 1267 1077 1348 quibus
1089 1269 1148 1351 ipsi
1157 1291 1294 1353 ooaequa-

295 1372 459 1441 leserunt,
474 1372 509 1428 ut
519 1364 629 1428 dicitur
644 1385 651 1424 τ
674 1394 685 1414 u
701 1365 801 1426 Erunt
815 1366 946 1446 aequales
958 1365 1087 1450 Angelis
1097 1368 1166 1430 Dei.
1184 1402 1196 1422 n
1213 1372 1293 1434 ane

219 1544 232 1563 ι
297 1469 394 1554 qualis
408 1469 528 1530 illorum
544 1464 690 1527 velocitas
701 1462 858 1556 samsonis
871 1465 1013 1528 valetudo
1030 1475 1111 1531 esset
1124 1469 1165 1531 ibi
1180 1469 1294 1532 in'vale-

296 1570 370 1633 tudo
387 1592 392 1629 :
409 1587 519 1648 nempe
531 1565 650 1626 illorum
661 1562 730 1625 talis
742 1563 799 1625 erit
810 1564 955 1638 valentia,
968 1573 1002 1628 ut
1014 1567 1038 1627 si
1055 1575 1174 1630 montes
1188 1578 1220 1632 et
1231 1591 1294 1632 om·

297 1688 366 1732 nem
381 1667 492 1731 molem
512 1674 600 1729 terrae
616 1664 695 1747 pede
711 1673 831 1727 vertere
848 1666 980 1738 vellent;
999 1667 1136 1730 valenter
1150 1680 1290 1750 possent,
1356 1664 1359 1669 ’

297 1776 406 1833 ettam
421 1767 529 1839 facile,
547 1786 641 1849 quam
659 1785 739 1828 nuno
757 1766 879 1829 videre:
893 1767 949 1828 hoc
968 1766 1049 1829 enim
1068 1789 1158 1830 nemo
1175 1769 1295 1833 dubitat

297 1869 434 1954 Angelos
443 1887 543 1951 posse,
557 1865 666 1948 quibus
678 1864 736 1946 ipsi
746 1864 878 1947 aequales
890 1864 1030 1928 diountur
1041 1887 1119 1928 esse.
1131 1868 1211 1931 Ecce
1223 1890 1296 1951 qua·

297 1970 335 2033 lis
350 1971 501 2055 justorum
518 1965 679 2029 fortitudo.
701 1965 837 2048 Augusti
860 1965 1052 2048 imperatoris
1073 1966 1197 2031 libertas
1215 1982 1296 2032 esset

298 2071 338 2132 ibi
352 2069 516 2153 eaptivitas
536 2091 541 2126 :
560 2068 613 2150 qui
630 2065 731 2149 potuit
747 2065 826 2147 oapi,
842 2065 940 2148 ligari,
959 2067 1069 2129 claudi.
1087 2066 1210 2130 Illorum
1224 2090 1297 2132 vero

299 2169 369 2233 talis
384 2178 431 2233 est
444 2168 588 2240 libertaS,
604 2174 639 2228 ut
655 2165 757 2228 omnia
769 2165 923 2227 obstantia
934 2175 1094 2247 penetrare
1109 2167 1250 2242 valeant,
1268 2177 1300 2231 et

299 2270 381 2333 nulla
396 2275 535 2333 creatura
550 2288 603 2329 eos
619 2266 749 2328 retinere
763 2273 873 2348 queat;
903 2265 981 2329 siout
1000 2266 1170 2349 sepulerum
1191 2289 1301 2352 corpus

301 2369 427 2435 Domini
438 2377 542 2432 tenere
558 2388 619 2429 non
634 2366 734 2449 potuit
749 2366 821 2449 quin
838 2375 1019 2449 resurgeret,
1034 2374 1065 2430 et
1074 2368 1175 2451 januis
1190 2370 1300 2434 clausis

302 2471 441 2533 intraret.
466 2469 548 2532 Huic.
573 2467 631 2550 ipsi
654 2468 930 2549 configurabuntur.
953 2469 1033 2530 Eece
1058 2469 1156 2551 qualis
1179 2469 1299 2532 illorum

303 2571 438 2634 libertas.

351 2879 403 2941 19.
424 2880 472 2940 De
488 2878 649 2964 uoluptate
666 2876 837 2938 beatorum.

347 2976 392 3041 ¹D.
410 2978 582 3043 Salomonis
590 2978 703 3041 delioiae
714 2985 816 3039 essent
826 2977 869 3038 eis
878 2975 1054 3038 miseriae.O
1071 2976 1169 3057 qualis
1178 2983 1224 3039 est
1233 2977 1301 3038 illo-

306 3098 370 3140 rum
379 3079 530 3163 voluptas
539 3077 649 3160 quibus
659 3075 1030 3160 ipseDeusfonsomnium
1040 3077 1188 3138 bonorum
1196 3085 1244 3138 est
1254 3076 1301 3137 in-

305 3178 452 3241 satiabilis
462 3179 579 3241 satians
591 3178 717 3241 satietas
726 3178 731 3239 !
739 3178 829 3239 -Μ,
842 3178 920 3240 Duae
930 3185 1002 3239 sunt
1015 3176 1234 3238 beatitudines:
1245 3198 1305 3238 una

306 3278 403 3341 minor
420 3278 554 3362 paradisi
566 3311 573 3352 ,·
587 3279 683 3340 altera
702 3278 799 3363 major
814 3277 947 3340 coelestis
968 3276 1062 3359 regni.
1082 3276 1218 3352 Quarum
1232 3277 1305 3358 quia

306 3386 445 3441 neutram
457 3377 697 3460 expertisumuS,
707 3377 745 3439 de
751 3376 795 3439 eis
801 3376 1057 3460 comparutionem
1063 3375 1301 3438 darenesoimus.

307 3479 348 3540 Et
359 3478 427 3540 duae
438 3485 508 3541 suut
519 3477 649 3540 miseriae
665 3502 670 3538 :
688 3498 750 3539 una
767 3476 864 3539 minor
881 3477 969 3562 hujus
985 3475 1107 3549 mundi,
1126 3476 1222 3538 altera
1238 3498 1304 3539 ma·

302 3578 352 3660 jor
366 3576 483 3639 infami
502 3579 530 3641 E
546 3577 654 3659 quibus
669 3577 740 3659 quia
753 3597 845 3639 unam
864 3575 1000 3659 quotidie
1019 3574 1201 3657 experimur,
1219 3596 1304 3638 corn-

241 3729 245 3737 .
308 3677 495 3758 parationem
507 3677 545 3739 de
556 3684 684 3759 experta
698 3677 771 3738 dare
782 3675 933 3738 novimus.
950 3674 1038 3737 Sicut
1053 3673 1144 3757 igitur
1156 3674 1182 3736 si
1193 3674 1304 3738 serrum

308 3775 435 3858 ignitum
456 3776 583 3860 alicujus
604 3775 697 3860 capiti
717 3783 798 3838 esset
816 3774 961 3851 infixum,
982 3782 1014 3836 et
1035 3773 1078 3837 sio
1099 3776 1231 3838 candens
1252 3797 1306 3858 per

309 3875 410 3938 omnia
428 3877 565 3938 membra
580 3875 722 3938 transiret
738 3899 744 3935 :
762 3874 841 3938 siout
852 3875 902 3938 ille
915 3874 1050 3937 dolorem
1063 3874 1190 3937 interius
1205 3884 1237 3938 et
1251 3897 1306 3938 ex*

309 3975 403 4038 terius
418 3975 559 4048 haberet;
577 3976 622 4038 ita
635 3975 692 4058 ipsi
705 3995 760 4057 per
774 3975 959 4039 contrarium
979 3975 1103 4037 modum
1117 3975 1149 4037 in
1169 3975 1307 4037 omnibus

310 4076 453 4139 membris
466 4075 530 4138 suis
538 4075 665 4139 interius
679 4091 711 4138 et
728 4076 863 4138 exterius
879 4076 1070 4159 voluptatem
1086 4075 1208 4137 habent.
1226 4075 1303 4148 Hie,

310 4176 340 4238 id
354 4183 416 4248 est,
431 4176 461 4238 in
477 4176 534 4239 hoo
548 4177 676 4249 mundo,
695 4183 743 4237 est
766 4175 908 4258 voluptas
931 4174 1153 4239 multitudinem
1173 4173 1306 4236 virorum

310 4296 346 4338 aa
362 4276 520 4339 mulierum
536 4276 740 4358 speciosarum
756 4273 875 4347 videre,
890 4272 1013 4336 induere
1025 4280 1128 4335 vestes
1143 4273 1302 4354 pretiosas

461 4386 470 4399 ·
1174 4377 1217 4424 ru.
1293 4412 1295 4417 .
