3184 5442
484 757 690 799 Em'cronnrun
715 756 782 799 srva
806 758 966 800 ornnoccS.
1160 742 1224 803 297

273 895 327 957 21.
355 896 541 958 Antitheses
557 896 734 972 lentorum,
753 909 783 957 et
798 896 1029 958 clarnnatorwn.

274 995 315 1057 D.
345 996 394 1058 lta
403 996 525 1078 replesti
538 1017 639 1058 meum
652 1015 704 1058 cor
716 995 838 1079 gaudia,
852 996 933 1078 quod
948 1017 1027 1077 pene
1041 996 1103 1059 vidi
1117 997 1224 1062 faciem

228 1095 352 1160 Domini
363 1096 393 1158 in
405 1097 507 1159 nubilo
523 1094 628 1178 raptus
644 1096 674 1157 in
691 1095 758 1158 coeli
770 1095 896 1176 gremio.
911 1095 1025 1159 Idcirco
1037 1097 1123 1160 laetor
1136 1120 1226 1182 super

228 1196 348 1280 eloquia
360 1206 428 1270 tua,
455 1197 532 1260 sicut
554 1197 606 1280 qui
633 1196 749 1258 invenit
777 1196 875 1279 spolia
893 1197 999 1259 multa.
1018 1233 1060 1243 -
1075 1199 1122 1261 M.
1139 1201 1225 1265 Sicut

228 1296 320 1379 igitur
331 1296 362 1357 hi
378 1295 467 1359 amici
481 1295 540 1359 Dei
556 1295 729 1378 perenniter
741 1295 843 1359 felices
858 1295 888 1357 in
905 1297 1037 1359 Domino
1051 1297 1224 1380 gloriabun-

228 1408 297 1458 tur:
316 1396 371 1468 ita‚
391 1417 407 1458 e
421 1396 582 1470 contrarie,
600 1396 712 1458 inimici
724 1397 789 1481 ejus
798 1397 924 1458 nimium
938 1397 1040 1458 miseri
1052 1406 1083 1460 et
1092 1398 1225 1464 infelices

225 1496 340 1580 jugiter
358 1490 580 1558 cruciabuntur.
599 1498 679 1558 Ecce
701 1495 779 1558 sicut
800 1496 849 1558 isti
870 1497 977 1558 decore
996 1497 1131 1560 maximo
1145 1499 1225 1562 illus

228 1598 400 1669 trabuntur,
418 1596 462 1660 ita
478 1596 520 1659 illi
531 1595 666 1658 maximo
677 1596 800 1658 horrore
814 1596 1064 1677 deturpabuntur.
1080 1597 1224 1662 Sicutisti

228 1717 347 1758 summa
362 1696 501 1781 agilitate
512 1702 601 1757 emnt
613 1694 758 1768 alleviati,
773 1694 819 1757 ita
828 1694 870 1756 illi
880 1716 1000 1757 summa
1014 1695 1136 1780 pigritia
1150 1720 1225 1781 prae

228 1797 358 1880 gravari.
383 1797 471 1859 Sicut
486 1795 537 1858 isti
554 1796 705 1879 praecipuo
726 1798 833 1858 robore
854 1796 994 1869 solidati,
1019 1797 1064 1859 ita
1080 1797 1121 1860 illi
1137 1808 1225 1862 erunt

227 1898 376 1980 praecipua
392 1895 597 1958 invaletudine
609 1896 767 1959 debilitati.
781 1896 869 1959 Sicut
878 1897 927 1958 isti
940 1905 1070 1980 angusta
1084 1897 1224 1962 libertate

227 1997 395 2078 potientur,
420 1996 464 2057 ita
482 1995 525 2056 illi
544 1995 636 2057 anxia
652 1995 800 2058 servitute
821 1995 1039 2077 deprimentur.
1062 1996 1149 2060 Sicut
1173 1999 1223 2061 isti

227 2096 375 2158 immensa
389 2096 548 2177 voluptate
564 2096 795 2174 deliciabuntur,
813 2096 856 2159 ita
877 2096 918 2158 illi
937 2097 1086 2159 immensa
1101 2099 1223 2160 miseria

228 2195 479 2258 amaricabuntur.
493 2194 579 2259 Sicut
595 2195 645 2258 isti
658 2197 779 2280 egregia
795 2196 927 2259 sanitate
941 2196 1106 2280 vigebunt,
1123 2197 1167 2260 ita
1180 2198 1223 2259 illi

227 2295 342 2359 infinita
357 2295 534 2359 infirmitate
551 2295 700 2358 deficient.
718 2296 806 2360 Sicut
820 2296 870 2359 isti
885 2298 923 2358 de
939 2298 1029 2359 beata
1044 2296 1223 2360 immortali-

227 2401 291 2456 tate
303 2395 526 2477 triumpbantes
541 2393 739 2468 laetabuntur,
763 2396 808 2458 ita
824 2396 865 2458 illi
880 2398 918 2458 de
935 2397 1064 2459 dolenda
1084 2418 1139 2459 sua
1155 2396 1223 2459 diu-

228 2493 372 2557 turnitate
386 2495 641 2558 lamentabuntur.
653 2495 739 2558 Sicut
748 2495 798 2557 isti
813 2495 954 2579 perpoliti
964 2504 1051 2559 erunt
1063 2496 1222 2579 splendore

228 2594 402 2676 sapientia,
428 2595 472 2657 ita
492 2593 535 2655 illi
557 2595 706 2657 obscurati
726 2603 815 2658 errmt
833 2597 954 2658 horrore
975 2596 1165 2678 insipientiae.
1189 2596 1223 2659 Si

228 2693 300 2776 quid
318 2695 397 2755 enim
414 2693 519 2767 scient,
538 2695 578 2756 ad
594 2702 790 2778 augmentum
804 2695 915 2758 doloris
926 2698 1031 2759 scient.
1047 2697 1134 2759 Sicut
1148 2697 1223 2758 istos
1306 2748 1328 2785 .·

228 2794 321 2856 dulcis
335 2793 472 2858 amicitia
485 2795 653 2877 copulabit,
678 2795 722 2858 ita
740 2795 807 2857 illos
824 2816 927 2857 amara
943 2795 1100 2858 inimicitia
1115 2815 1225 2857 excru-

228 2891 329 2957 ciabit.
345 2894 430 2958 Sicut
444 2894 495 2957 isti
508 2895 701 2958 concordiam
721 2915 789 2957 cum
807 2895 889 2956 omni
905 2902 1044 2957 creatura
1060 2894 1223 2967 babenteS,

228 2995 267 3055 ab
282 2994 363 3057 omni
375 3003 514 3058 creatura
522 2994 768 3079 glorificabuntur
782 3020 786 3056 :
805 2995 850 3057 ita
861 2994 903 3056 illi
915 3015 983 3057 curn
996 2992 1077 3055 omni
1088 3004 1227 3057 creatura

228 3094 408 3159 discordiam
420 3096 578 3170 babenteS,
593 3097 631 3158 ab
644 3097 725 3158 omni
738 3109 878 3160 creatura
894 3096 1125 3158 execrabantur.
1140 3094 1226 3158 Sicut

228 3195 277 3257 isti
289 3216 410 3258 summa
426 3196 564 3278 potentia
582 3195 837 3268 sublimabuntur,
865 3196 910 3258 ita
933 3195 975 3256 illi
994 3215 1113 3256 summa
1127 3194 1225 3277 impo-

228 3295 324 3357 tentia
334 3295 598 3378 angustiabuntur.
613 3296 701 3359 Sicut
716 3286 766 3358 isli
783 3295 918 3357 maximo
933 3294 1047 3356 honore
1057 3301 1143 3356 erunt
1153 3314 1228 3376 prae·

229 3393 300 3471 diti,
318 3394 362 3457 ita
376 3394 418 3455 illi
430 3394 565 3456 maximo
585 3394 723 3457 dedecori
739 3401 829 3456 erunt
847 3393 952 3456 dediti.
976 3393 1062 3457 Sicut
1078 3392 1128 3455 isti
1145 3413 1227 3455 secu-

228 3500 318 3558 ritate
335 3495 458 3579 egregia
476 3494 701 3577 tripudiabunt,
726 3496 770 3557 ita
791 3495 834 3557 illi
852 3494 987 3557 maximo
1006 3513 1118 3576 pavore
1136 3493 1228 3575 trepi-

228 3595 354 3657 dabunt.
372 3593 458 3658 Sicut
473 3594 524 3657 isti
540 3593 682 3656 ineffabili
697 3594 808 3677 gaudio
827 3601 917 3656 erunt
930 3593 1104 3679 jubilantes
1125 3592 1170 3654 ita
1184 3593 1227 3654 illi

230 3694 391 3757 miserabili
408 3716 537 3757 moerore
552 3694 616 3757 sine
628 3696 686 3756 fine
702 3695 862 3779 ejulantes,
880 3693 993 3757 Odium
1007 3694 1087 3755 enim
1101 3692 1160 3756 Dei
1175 3693 1228 3754 ba-

230 3795 366 3856 bebunt:
391 3794 481 3877 quia,
504 3802 651 3877 quantum
670 3795 700 3856 in
715 3794 790 3877 ipsis
811 3802 896 3867 erat,
921 3794 948 3856 ei
969 3795 1170 3866 obstiterunt,
1189 3815 1227 3855 ne

230 3914 362 3976 unquam
378 3894 487 3957 civitas
506 3897 571 3978 ejus
585 3895 795 3960 aedificaretur.
821 3894 934 3959 Odium
957 3894 1111 3956 habebunt
1120 3894 1228 3976 Ange-

228 3993 346 4055 lorum:
371 3993 459 4076 quia,
484 4003 631 4076 quantum
651 4002 832 4078 potuerunt,
858 3993 1021 4058 effecerunt
1042 4015 1080 4055 ne
1095 4012 1227 4074 unquam

228 4114 371 4156 numerus
381 4115 484 4157 eorum
496 4093 682 4176 impleretur.
697 4095 811 4177 Odium
824 4096 977 4157 habebunt
987 4093 1120 4155 omnium
1132 4091 1227 4153 Sanc-

229 4201 352 4254 torum:
377 4194 465 4276 quia²
489 4201 636 4276 quantum
657 4193 685 4253 in
706 4193 780 4274 ipsis
801 4201 882 4265 erat,
909 4212 1062 4274 nunquam
1085 4190 1228 4274 gaudium

230 4293 350 4373 plenum
363 4293 527 4356 habebunt.
543 4292 655 4356 Odium
669 4315 685 4354 a
699 4313 776 4354 novo
794 4292 884 4364 coelo,
904 4302 934 4352 et
951 4313 969 4351 a
984 4298 1175 4361 noverimne,
1194 4298 1225 4350 et
