3184 5442
299 742 341 805 78
675 765 705 805 o.
731 764 905 807 musarum
1031 825 1033 829 Α
1074 817 1077 824 ,

297 904 438 979 fratrem,
453 925 545 988 quem
563 904 721 982 mittebat,
739 907 868 971 multam
882 906 1022 971 fiduciam
1046 908 1158 974 habere
1177 911 1209 974 in
1228 913 1288 988 eis,

297 1006 369 1089 quia
383 1003 486 1067 Titum
500 1010 531 1067 et
542 1003 617 1069 alios
631 1003 799 1087 Apostolos
814 1007 892 1069 bene
908 1013 1130 1073 tractaverunt.
1156 1047 1201 1058 —
1228 1012 1291 1074 Os-

297 1113 480 1169 tenrionem.
494 1105 505 1191 ]
520 1107 556 1169 In
569 1106 638 1182 illis,
653 1107 762 1191 inquit,
775 1129 854 1192 quos
862 1108 949 1171 vobis
961 1108 1123 1186 mittimus,
1139 1114 1292 1178 ostendite

296 1227 389 1289 quam
400 1205 580 1269 charitatem
590 1205 744 1281 habeatis;
763 1214 795 1271 et
809 1228 878 1290 quoe
891 1209 972 1272 hona
983 1208 1025 1272 sit
1035 1210 1176 1294 gloriatio
1188 1220 1291 1277 vestra

295 1327 351 1388 pro
370 1304 467 1370 nobis.

690 1596 695 1607 ι
717 1575 788 1618 CAP.
814 1576 860 1617 lx.

340 1750 569 1813 Erubeseomus
594 1750 686 1836 noe]
710 1751 744 1814 Si
761 1750 920 1834 imparati,
947 1751 1063 1835 inquit,
1081 1751 1217 1830 fueritiS,
1233 1775 1288 1818 nos

294 1851 506 1916 verecundiam
524 1839 701 1914 habebimus
711 1850 743 1912 in
756 1851 814 1916 hae
833 1851 1022 1930 substantia,
1039 1851 1144 1929 idest,
1162 1855 1288 1919 eleemo

295 1974 389 2039 syna,
416 1972 472 2015 vos
495 1949 623 2016 forsitan
651 1972 713 2013 non
743 1950 904 2014 habebitis.
933 1987 972 1998 -
998 1952 1042 2013 Et
1061 1954 1289 2041 praeparem]

295 2053 391 2118 Ordo.
408 2053 455 2117 Ut
467 2059 638 2135 praeparent
646 2049 886 2114 benedictionem
906 2050 984 2114 hanc
1002 2053 1217 2135 repromissam
1233 2076 1288 2140 pa-

294 2160 393 2216 ratam
404 2171 487 2223 esse,
502 2150 545 2213 sio
558 2150 647 2233 quasi
657 2149 915 2224 benedictionem,
933 2171 995 2214 non
1011 2152 1100 2235 quasi
1113 2154 1285 2219 avaritiam.

293 2250 501 2316 Promiserant
523 2249 604 2311 enim
626 2248 795 2330 apostolo,
824 2250 906 2332 quod
924 2250 969 2314 ita
986 2261 1193 2335 praepararent
1207 2255 1288 2320 elee-

293 2347 903 2436 mosynam,benedictionenonavaritia.
930 2386 971 2399 -
999 2350 1175 2435 Qotoutem
1185 2353 1289 2417 admi·

295 2454 422 2508 nistrot.
433 2443 444 2530 ]
455 2444 492 2506 ld
503 2450 561 2518 est,
580 2444 633 2528 qui
647 2445 701 2508 dat
711 2444 800 2508 vobis
812 2447 893 2508 unde
911 2447 1137 2533 eleemosynam
1152 2448 1286 2525 faeiatis3

293 2546 378 2610 dabit
396 2545 475 2608 unde
497 2549 568 2627 post
581 2545 686 2608 datam
711 2546 935 2632 eleemosynam
952 2568 1010 2610 vos
1028 2555 1198 2614 sistentem
1212 2573 1287 2636 pos·

294 2645 370 2712 sitis.
392 2645 460 2709 Neo
479 2651 604 2728 propter
621 2645 677 2709 hoe
697 2652 800 2708 tamen
821 2645 1004 2721 remanebit,
1024 2648 1144 2730 quando
1164 2650 1290 2732 quidem

294 2766 399 2810 semen
415 2743 609 2828 multiplicet,
631 2751 663 2807 et
681 2742 784 2829 lruges
801 2765 936 2808 creseere
951 2743 1053 2810 faciat.
1079 2782 1124 2794 -
1144 2748 1219 2812 Non
1233 2773 1285 2812 ro-

295 2845 357 2909 lom
372 2843 583 2932 supplerem]
597 2844 737 2923 Quatuor
753 2843 827 2908 dicit
845 2844 910 2907 fieri
927 2865 983 2928 per
995 2846 1289 2914 administrationem

293 2948 385 3034 hujus
399 2945 505 3025 officii,
526 2944 558 3008 id
572 2952 636 3019 est,
654 2943 802 3009 beneficii.
817 2944 939 3009 Sanctis
955 2945 1036 3009 enim
1051 2947 1104 3030 qui
1115 2956 1186 3012 sunt
1196 2949 1288 3012 Jero·

294 3046 421 3134 solymis
436 3045 607 3111 necessaria
621 3045 731 3109 exinde
742 3045 967 3121 ministrantur,
980 3052 1012 3109 et
1022 3067 1077 3129 per
1089 3047 1202 3112 multos
1213 3049 1289 3113 alios

294 3151 458 3233 probantes
480 3146 538 3211 hoo
557 3145 772 3221 ministerium,
803 3146 909 3231 gratiae
935 3147 1003 3210 Deo
1026 3144 1195 3212 referantur
1221 3171 1228 3212 :
1257 3156 1289 3214 et

294 3249 383 3314 multi
410 3246 551 3329 exemplo
577 3246 802 3311 Corinthiorum
828 3246 1004 3328 provocati,
1031 3254 1063 3310 et
1087 3246 1148 3310 illis
1174 3249 1289 3314 sanetis

295 3350 348 3432 qui
367 3352 439 3410 sunt
452 3345 670 3430 Jerosolymis‚
691 3353 723 3409 et
743 3345 848 3409 multis
867 3345 935 3409 aliis
953 3345 1084 3429 plurima
1098 3347 1283 3432 largiuntur;

294 3454 330 3510 ut
338 3453 371 3509 et
378 3445 461 3527 ipsos
469 3441 641 3507 Corinthios
651 3443 787 3519 videant,
804 3450 928 3526 propter
942 3444 1125 3508 eminentem
1141 3447 1284 3530 gratiam,

294 3564 387 3627 quam
395 3542 519 3620 habent,
532 3541 636 3603 sedulo
648 3562 701 3605 eos
708 3544 919 3624 deprecantur.
940 3576 980 3590 -
1000 3542 1040 3603 In
1051 3543 1288 3633 obedientiam]

293 3644 330 3707 Id
348 3648 406 3718 est,
430 3640 503 3724 quia
527 3640 601 3703 dum
620 3639 824 3724 Evangehum
850 3638 964 3704 Christi
985 3640 1071 3704 vobis
1088 3645 1283 3723 praedicaret,

292 3742 398 3807 statim
409 3740 584 3804 obedientes
595 3737 695 3803 aristis
705 3739 745 3829 ad
757 3739 960 3803 confitendum
974 3739 1141 3804 Christum.

723 4016 792 4059 CAP.
819 4017 852 4058 X.

335 4187 519 4275 Ardeam]
537 4189 633 4255 Ordo.
653 4189 795 4254 Audeam
813 4192 844 4254 in
863 4193 1027 4275 quosdam;
1043 4193 1074 4257 id
1089 4200 1154 4269 est,
1171 4197 1286 4282 aliquid
1381 4269 1385 4277 ,

291 4288 920 4393 molestiaeinferamquibusdamvestrum.
949 4330 989 4343 -
1014 4296 1117 4356 Arma
1128 4294 1285 4382 militie]
