3184 5442
562 718 767 760 enumerarem
791 719 860 760 srva
884 720 1040 765 omuoocs.
1231 703 1297 767 229

302 857 474 922 conficiturl
501 893 540 904 -
557 858 603 921 M.
622 857 741 943 Corpus
762 859 831 922 ideo
852 861 890 924 de
905 881 1003 943 pane,
1022 863 1095 944 quia
1111 863 1176 946 ipse
1194 864 1294 928 dixit:

307 990 320 1012 u
336 961 403 1043 Ego
418 979 485 1021 sum
493 957 582 1040 panis
592 958 690 1021 vivus.
707 959 864 1042 ”Sanguis
880 966 982 1022 autem
994 960 1064 1024 ideo
1079 963 1117 1025 de
1131 964 1213 1039 vino,
1227 957 1300 1047 quia'

301 1060 368 1143 ipse
380 1057 458 1121 dixit
471 1081 478 1120 :
498 1087 510 1109 u
526 1060 594 1142 Ego
605 1079 673 1121 sum
685 1058 757 1122 vitis
768 1079 850 1121 vera.
866 1091 878 1113 n
891 1061 935 1123 Et
947 1059 1025 1125 siout
1035 1083 1114 1144 pane
1125 1085 1235 1147 corpus
1245 1085 1299 1127 nu-

302 1160 410 1231 tritur;
428 1158 474 1221 ita
493 1156 607 1221 Christi
627 1158 694 1222 cibo
713 1158 816 1222 anima
835 1160 978 1224 reficitur.
998 1163 1041 1225 Et
1060 1162 1139 1227 sicut
1157 1164 1244 1246 panis
1259 1187 1297 1228 ex

302 1259 407 1324 multis
415 1258 518 1344 granis
529 1259 684 1331 conficitur
695 1312 701 1335 ,
714 1261 758 1324 ita
770 1260 884 1325 Christi
898 1283 1008 1344 corpus
1022 1284 1062 1326 ex
1075 1264 1178 1328 multis
1193 1265 1296 1329 electis

303 1359 465 1445 colligitur.
478 1359 520 1422 Et
535 1357 614 1422 sicut
629 1359 719 1442 panis
734 1359 805 1443 igne
820 1361 975 1443 coquitur,
990 1361 1035 1424 ita
1048 1361 1189 1427 Christus
1199 1363 1230 1426 in
1245 1385 1297 1428 ca-

302 1460 385 1524 mino
399 1457 549 1542 passionis
563 1466 702 1522 assatur:
719 1459 780 1537 Qui
795 1459 883 1542 panis
897 1460 990 1523 etiem
1002 1461 1112 1525 dicitur
1124 1483 1210 1537 caro,
1225 1464 1297 1546 quia

302 1569 338 1624 ut
348 1560 459 1644 Agnus
469 1557 620 1640 pronubis
631 1557 815 1622 immolatur.
827 1559 942 1622 Vinum
955 1561 1047 1623 etiam
1064 1583 1104 1624 ex
1118 1564 1221 1627 multis
1232 1566 1295 1628 aci·
1404 1582 1407 1586 ’

302 1660 351 1722 nis
365 1657 526 1741 eliquatur,
539 1666 570 1719 et
581 1656 612 1718 in
625 1657 768 1720 torculari
782 1658 984 1743 exprimitur:
1001 1660 1046 1723 ita
1061 1681 1171 1744 corpus
1182 1663 1295 1727 Christi

303 1781 342 1824 ex
356 1757 461 1822 multis
467 1757 558 1843 justis
568 1756 810 1842 compaginatur,
825 1759 906 1841 quod
917 1759 948 1821 in
959 1760 1051 1843 praelo
1063 1761 1160 1824 crucis
1174 1768 1296 1845 torque-

303 1867 354 1923 tur
368 1858 481 1948 :¹de
495 1857 600 1920 vinum
618 1857 650 1919 in
665 1857 843 1942 sanguinem
855 1857 969 1922 Christi
983 1859 1126 1935 vertitur,
1140 1867 1176 1922 ut
1193 1859 1296 1924 anima

303 1966 419 2031 nostra,
434 1977 502 2040 quae
513 1956 545 2018 in
555 1957 701 2042 sanguine
715 1966 774 2031 est,
786 1978 841 2041 per
853 1958 909 2020 hoc
923 1958 1102 2022 vivificetur.

347 2059 391 2122 Ι).
407 2056 485 2122 Cum
501 2057 617 2140 species
628 2057 716 2140 panis
731 2065 762 2121 et
772 2057 836 2120 vini
846 2057 996 2134 videatur,
1012 2060 1164 2143 quomodo
1179 2081 1249 2122 caro
1264 2069 1296 2123 et

302 2159 426 2242 sanguis
436 2158 632 2241 praedicaturi
650 2194 688 2206 —
700 2158 748 2221 M.
766 2157 845 2221 Cum
861 2179 933 2222 vere
949 2159 989 2224 sit
1008 2159 1082 2224 illml
1098 2160 1180 2243 quod
1195 2161 1296 2224 Maria

302 2259 418 2345 genuit,
428 2259 510 2342 quod
521 2258 552 2320 in
565 2278 654 2322 cruce
665 2258 822 2342 pependit,
835 2261 916 2342 quod
927 2261 1021 2325 coelos
1033 2261 1217 2345 penetravit,
1229 2283 1295 2344 spe

302 2359 365 2424 cies
378 2359 446 2422 ideo
462 2357 551 2442 panis
565 2367 597 2421 et
611 2357 674 2421 vini
688 2357 850 2433 remansit;
864 2381 903 2422 ne
924 2367 978 2441 tu,
996 2361 1022 2424 si
1036 2382 1145 2444 purum
1162 2360 1209 2447 (ut
1223 2383 1296 2425 vere

303 2458 365 2545 est)
386 2459 565 2544 sanguinem
589 2460 627 2522 de
648 2459 743 2522 latere
762 2461 827 2546 ejus
850 2460 1016 2526 stillantem
1038 2483 1193 2535 cerneres,
1216 2460 1296 2525 hunc
1339 2543 1341 2547 ι

298 2560 391 2624 labris
406 2560 556 2644 attingere
571 2559 749 2623 abhorreres
762 2583 768 2631 ;
785 2570 817 2624 et
831 2570 865 2624 ut
879 2564 978 2648 majus
992 2563 1133 2628 meritum
1148 2562 1291 2637 haberes,

300 2682 370 2726 cum
383 2681 444 2724 non
455 2660 553 2724 visum
565 2661 620 2723 sed
634 2660 821 2724 intellectum
833 2663 982 2726 crederes.

344 2762 387 2825 Ι).
413 2760 489 2838 Quae
513 2768 560 2824 est
581 2760 664 2823 salus
683 2760 713 2822 in
733 2761 808 2824 hoel
829 2798 867 2810 —
884 2763 931 2824 M.
948 2762 1088 2826 Summa.
1108 2761 1196 2825 Siout
1211 2760 1292 2823 enim

300 2881 371 2925 esca
381 2860 412 2923 in
423 2881 545 2924 carnem
560 2860 746 2924 comedentis
760 2860 906 2934 vertitur;
923 2861 968 2923 ita
982 2860 1110 2944 quisque
1124 2859 1222 2922 fidelis
1236 2881 1291 2941 per

299 2959 515 3024 comestionem
527 2958 616 3043 hujus
624 2958 683 3021 cibi
694 2957 725 3021 in
737 2978 846 3041 corpus
858 2957 972 3022 Christi
983 2957 1180 3021 convertitur.
1194 2956 1291 3041 Igitur

299 3060 457 3144 perfidem
472 3060 601 3134 mundo,
615 3057 699 3121 vitiis
713 3065 745 3121 et
763 3058 1013 3141 concupiscentiis
1027 3057 1149 3122 christo
1162 3078 1289 3121 concru-

298 3161 462 3247 cifigimur,
477 3168 509 3224 et
523 3160 555 3222 in
568 3160 754 3243 baptismate
771 3159 894 3223 Christo
912 3158 1131 3242 consepelimur
1144 3180 1151 3230 ;
1170 3164 1202 3220 et
1221 3156 1291 3219 ideo

298 3268 346 3324 ter
358 3259 583 3345 immergimur,
602 3280 656 3343 per
670 3258 770 3322 cibum
782 3274 862 3321 ¹vero
876 3259 1010 3340 corporis
1024 3259 1090 3345 ejus
1106 3257 1134 3320 ei
1148 3257 1289 3339 incorpo-

297 3380 418 3434 ramur;
432 3366 464 3423 et
475 3359 543 3422 ideo
554 3379 678 3422 necesse
690 3365 737 3421 est
748 3364 783 3421 ut
796 3356 878 3432 illuc,
893 3379 953 3441 quo
968 3357 1109 3421 Christus
1120 3362 1179 3431 est,
1194 3362 1292 3419 trans-

298 3460 441 3524 leramur.

341 3561 384 3624 D.
410 3561 536 3624 Habent
547 3559 616 3642 plus
624 3558 808 3635 sanctitatis
821 3558 873 3642 qui
882 3559 951 3643 plus
960 3557 1126 3643 accipiuntl
1139 3594 1180 3606 -
1190 3557 1238 3620 M.
1246 3557 1291 3621 Ut

297 3663 336 3724 ele
347 3681 459 3724 menna
469 3659 596 3724 dicitur:
616 3689 629 3711 u
646 3659 704 3738 Qui
716 3659 784 3742 plus
796 3659 929 3744 collegit,
943 3681 1003 3722 non
1015 3659 1084 3743 plus
1094 3657 1218 3730 habuit;
1234 3677 1291 3721 nec

297 3759 350 3843 qui
371 3760 470 3824 minus
491 3760 631 3845 collegit,
648 3760 748 3823 minus
771 3759 987 3824 habuitn1ita
1007 3779 1112 3823 omnes
1132 3755 1292 3840 aequaliter

296 3868 436 3934 sumunt;
452 3869 484 3925 et
498 3860 706 3944 unusquisque
721 3867 819 3925 totum
836 3861 961 3947 Agnum
973 3859 1120 3934 comedit,
1139 3863 1286 3921 ettamen

293 3959 414 4046 integer
428 3961 459 4024 in
474 3962 551 4026 coelo
565 3967 735 4044 permanet.
