3184 5442
387 658 475 699 uranu
499 659 537 700 ou
560 658 693 701 corrosa
717 659 754 702 nr
777 660 866 700 suno.
896 662 1014 702 norrun¹
1138 642 1200 704 157

253 797 286 862 5.
312 798 454 862 Brenno.
482 828 495 849 u
521 798 582 876 Qui
597 799 678 861 enim
693 799 784 882 dicit,
800 801 908 882 panio,
930 810 961 864 et
980 801 1085 864 vinum
1100 803 1205 866 altaris

209 899 398 963 solummodo
414 906 607 963 sacramenta
624 907 715 972 sunt;
736 901 785 964 vel
802 901 906 984 panis,
926 910 958 965 et
975 902 1080 966 vinum
1100 904 1206 966 altaris

210 1001 398 1065 solummodo
418 1007 490 1063 sunt
512 1020 618 1063 verum
641 1000 756 1065 Christi
774 1022 885 1084 corpus
897 1009 929 1066 et
949 1004 1088 1088 sanguis:
1106 1005 1206 1068 modis

198 1101 349 1165 omnibus
360 1122 487 1184 panem,
503 1108 535 1165 et
548 1101 652 1165 vinum
664 1123 823 1185 superesse
838 1103 1006 1168 constituit.
1020 1136 1032 1158 n
1243 1103 1248 1110 ’

253 1203 376 1266 Laura
401 1200 487 1264 Nihil
507 1201 613 1265 horum
633 1203 774 1266 Romana
790 1204 926 1288 synodus
944 1205 1127 1268 credendum
1142 1227 1209 1268 esse

212 1303 369 1379 decrevit,
388 1323 445 1365 nec
463 1302 655 1365 Humbertus
671 1303 844 1386 Episcopus
862 1305 902 1366 ad
922 1305 1143 1379 confitendum,
1160 1307 1210 1369 vel

209 1403 372 1489 jurandum
385 1401 494 1464 horum
506 1401 562 1465 tibi
571 1401 687 1485 aliquid
696 1401 834 1465 tradidit.
850 1401 938 1465 Prior
949 1403 1071 1485 quidem
1086 1412 1210 1470 senten-

212 1503 257 1566 tia
267 1522 322 1586 per
335 1523 428 1586 quam
444 1501 567 1575 dicitur,
577 1502 665 1584 panis
675 1509 706 1564 et
717 1502 823 1564 vinum
834 1501 940 1565 altaris
954 1504 1143 1568 solummodo
1158 1527 1210 1568 sa·

213 1611 369 1666 eramenta
388 1610 477 1675 sunt,
496 1608 550 1665 tua
571 1610 636 1677 est,
656 1611 839 1684 tuorumque
854 1603 1040 1686 sequacium.
1056 1605 1211 1670 Posterior

213 1723 287 1766 vero
298 1723 365 1785 quac
377 1701 516 1766 enuntiat
530 1753 536 1776 ‚
550 1701 639 1785 panis
653 1708 686 1764 et
699 1701 803 1764 vinum
817 1702 924 1765 altaris
937 1704 1127 1768 solummodo
1139 1715 1212 1769 sunt

214 1823 320 1866 verum
341 1802 455 1867 Christi
476 1823 584 1886 corpus
602 1810 633 1865 et
656 1802 807 1886 sanguis:
838 1802 949 1866 nullius
970 1804 1125 1867 hominum
1148 1814 1206 1869 est.

216 1905 299 1968 Nam
317 1911 349 1968 et
371 1912 406 1967 tu
428 1903 589 1966 veritatem
610 1903 726 1977 carnis,
751 1925 788 1968 ec
802 1904 959 1988 sanguinis
977 1925 1088 1989 negas,
1103 1913 1135 1970 et
1148 1908 1210 1971 Ec-

217 2004 308 2069 clesia
323 1987 437 2067 Chris'ti
459 2002 503 2066 sic
518 2022 628 2086 p1nem
644 2003 676 2065 in
692 2023 833 2078 carnem,
851 2003 954 2066 vinum
968 2004 1065 2068 credit
1077 2007 1213 2071 converti

217 2104 248 2168 in
275 2103 468 2188 sanguinem:
494 2112 530 2167 ut
551 2110 654 2165 tamen
681 2103 844 2166 salubriter
871 2105 989 2180 credat,
1015 2114 1047 2169 et
1065 2106 1214 2171 veraciter
1283 2102 1292 2109 ”

219 2212 414 2290 recognoscat
434 2211 657 2267 sacramentum
678 2223 745 2265 esse
765 2202 923 2268 dominioae
940 2205 1090 2288 passionis
1104 2207 1214 2271 divinae

219 2304 461 2391 propitiationis,
483 2303 650 2369 concordiae
666 2311 698 2367 et
716 2303 859 2384 unitatis,
881 2313 1035 2388 postremo
1050 2317 1214 2394 assumptae

148 2397 153 2405 ’
218 2407 256 2469 de
266 2405 395 2491 Virgine
406 2404 521 2480 carnis,
535 2425 571 2467 ac
585 2404 757 2488 sanguinis:
775 2404 895 2490 singula
906 2407 987 2483 suis,
1002 2408 1213 2494 distinctisque
1249 2419 1253 2422 ’

219 2507 316 2570 modis
329 2557 335 2581 ,
348 2506 387 2568 de
401 2505 511 2588 quibus
523 2525 579 2567 suo
593 2505 678 2579 loco,
697 2526 733 2569 ac
747 2515 884 2588 tempore
899 2508 1069 2572 evidentius
1083 2511 1214 2575 dissere-

219 2617 278 2673 tur.
295 2607 329 2672 In
345 2605 508 2691 praesentia
527 2611 646 2668 tantum
662 2607 782 2689 suscepi
799 2609 959 2672 ostendere
971 2612 1066 2673 verba
1083 2612 1214 2676 Romani

219 2707 336 2773 concilii
351 2726 419 2790 quae
434 2726 467 2768 se
481 2710 670 2768 servaturum
685 2706 882 2791 jurejurando
893 2709 1021 2772 firmasti
1034 2761 1041 2783 ,
1055 2712 1138 2774 nulla
1148 2734 1168 2775 a
1183 2735 1216 2776 se

220 2808 350 2873 invicem
365 2805 582 2871 contrarietate
594 2802 729 2867 differre.
743 2805 955 2890 Arguentibus
964 2809 1044 2871 enim
1058 2818 1088 2872 te
1097 2812 1213 2883 amicis,

221 2929 257 2972 ac
281 2905 458 2972 necessariis
479 2904 561 2979 tuiS,
588 2905 670 2987 quod
694 2912 832 2967 autnon
858 2908 1009 2970 servanda
1031 2910 1134 2993 jurare
1156 2933 1217 2975 non

221 3010 360 3084 deberes,
374 3014 427 3070 aut
439 3006 543 3091 jurata
553 3024 692 3068 servare.¹
705 3003 852 3067 infamare
866 3005 945 3068 soles
960 3006 1123 3072 Nicolaum
1134 3013 1218 3075 Pon-

222 3109 334 3174 tificem
345 3160 351 3185 ,
364 3107 559 3190 reliquosque
570 3112 675 3189 patres¹
684 3104 817 3167 Romani
832 3105 949 3168 concilii
964 3158 970 3178 ‚
984 3108 1125 3173 videlicet
1136 3115 1217 3195 quod

223 3211 381 3283 docentes,
396 3227 433 3271 ac
447 3206 614 3270 scribentes
626 3203 797 3279 contraria,
817 3204 863 3266 tui
876 3202 997 3268 fuerunt
1012 3227 1104 3271 causa
1114 3214 1217 3298 perju-

224 3308 270 3372 rii.
294 3309 330 3372 Id
345 3327 467 3391 quoque
478 3305 510 3368 in
521 3304 577 3368 hoc
590 3304 734 3386 opusculo
747 3305 830 3386 quod
845 3305 1061 3370 destruendum
1076 3314 1214 3396 suscepi,

225 3409 335 3492 ubique
357 3408 419 3473 fere
444 3408 566 3471 laboras
589 3405 730 3468 efficere:
758 3411 922 3488 propterea
946 3406 1126 3474 conferenda
1148 3422 1219 3477 sunt

226 3510 319 3572 rerba
332 3516 386 3572 tua
398 3507 499 3572 verbis
510 3527 626 3570 eorum.
1052 3494 1056 3504 ’

271 3612 416 3677 Nicolaus
426 3612 515 3695 Papa
529 3607 718 3692 comperiens
728 3615 760 3672 te
772 3609 898 3685 docere,
916 3631 1042 3694 panem,
1056 3614 1222 3700 vinumque

230 3712 334 3778 altaris
353 3721 424 3796 post
450 3710 708 3776 consecrationem
732 3707 798 3772 sine
824 3710 973 3774 materiali
999 3714 1167 3779 mutatione
1192 3717 1222 3778 in

229 3813 362 3899 pristinis
378 3813 518 3877 essentiis
534 3830 707 3874 remanere:
726 3830 871 3874 concessa
890 3812 964 3887 tibi,
986 3814 1065 3877 sicut
1083 3818 1222 3899 superius

227 3915 341 3979 dictum
365 3921 434 3989 est,
459 3910 659 3996 respondendi
682 3908 825 3984 licentia,
850 3932 919 3975 cum
939 3934 999 3975 non
1022 3915 1150 3979 auderes
1168 3939 1224 4000 pro

228 4028 290 4080 tuae
309 4013 407 4098 partis
429 4011 603 4076 defensione
630 4008 744 4092 aliquid
766 4013 967 4093 respondere:
985 4012 1100 4094 pietate
1122 4025 1224 4080 motus

229 4116 269 4179 ad
280 4135 385 4198 preces
400 4120 470 4177 tuas
483 4109 627 4196 praecepit
644 4107 723 4171 tradi
741 4108 922 4191 scripturam
938 4111 1011 4186 tibi,
1028 4132 1121 4194 quam
1132 4136 1223 4198 supe-

229 4217 292 4280 n'us
304 4214 399 4299 posui.
415 4214 492 4298 Ejus
504 4209 686 4295 principium
696 4207 753 4269 hoc
769 4219 845 4272 cml.
