3184 5442
307 741 366 803 180
679 762 708 801 n.
737 760 910 803 marniaci

300 899 515 981 concupiscunt
532 920 537 957 :
556 917 653 979 pauca
674 897 733 971 eis,
758 907 789 961 et
804 889 910 982 paucis
926 899 1063 962 sufficere
1076 911 1217 982 possunt.
1236 905 1297 982 Qui

300 1018 372 1061 vero
384 997 624 1061 contentionibus
635 998 799 1074 deservire,
817 1007 910 1082 atque
923 1000 954 1062 in
968 1022 1024 1065 sua
1032 1001 1210 1067 infidelitate
1225 1027 1298 1088 per-

301 1099 408 1160 sistere
430 1100 646 1171 deoreverunt;
665 1119 721 1161 neo
741 1099 767 1161 si
793 1100 881 1182 plura
907 1110 1141 1184 apponerentur,
1167 1115 1298 1186 possunt

301 1196 436 1279 pluribus
446 1218 513 1260 esse
524 1197 669 1261 contenti.

346 1297 506 1362 Credimus
519 1295 612 1381 igitur
624 1305 761 1359 terrenas
775 1299 971 1374 substantias,
988 1322 1056 1384 quae
1071 1302 1104 1364 in
1118 1324 1225 1367 mensa
1240 1307 1297 1369 do-

301 1399 411 1462 minica
421 1417 475 1479 per
487 1396 674 1460 sacerdotale
685 1395 884 1459 ministerium
898 1399 1043 1462 divinitus
1054 1402 1292 1479 sanctificantur,

300 1497 500 1572 ineffabiliter,
515 1495 867 1579 incomprehensibiliter,
885 1498 1071 1574 mirabiliter,
1085 1513 1231 1584 operante
1241 1526 1294 1568 su-

301 1621 396 1683 perna
416 1596 563 1682 potentia,
588 1595 724 1660 converti
743 1596 774 1657 in
800 1599 962 1662 essentiam
982 1601 1124 1665 dominici
1144 1605 1290 1686 corporis,

301 1697 463 1763 reservatis
473 1696 607 1780 ipsarum
619 1716 718 1758 rerum
733 1696 902 1778 speciebus
915 1699 1131 1782 etquibusdam
1139 1703 1293 1787 aliisque-

300 1799 447 1871 litatibus,
462 1817 500 1859 ne
514 1796 716 1879 percipientes
730 1797 834 1869 cruda,
850 1804 881 1860 et
893 1807 1018 1862 cruenta
1031 1801 1196 1876 horrerent,
1215 1814 1248 1867 et
1259 1815 1294 1869 ut

301 1896 460 1960 credentes
477 1892 547 1955 fidei
567 1891 692 1974 praemia
710 1891 859 1974 ampliora
877 1894 1082 1976 perciperent;
1103 1896 1170 1978 ipso
1188 1905 1293 1962 tamen

301 1995 450 2059 dominico
462 2013 586 2074 corpore
601 1992 751 2055 existente
762 1990 793 2053 in
809 1993 981 2057 coelestibus
998 1996 1037 2058 ad
1053 1996 1212 2060 dexteram
1227 2000 1292 2063 Pa-

301 2097 375 2170 tris,
391 2092 569 2165 immortali,
586 2091 746 2168 inviolato,
760 2092 893 2176 integro,
912 2093 1162 2173 incontaminato,
1178 2098 1289 2163 illaeso:

301 2208 335 2259 ut
344 2215 416 2257 vere
426 2192 484 2256 dici
492 2191 599 2275 possit,
605 2199 636 2253 et
645 2191 744 2273 ipsum
754 2212 863 2274 corpus
870 2194 1128 2279 quoddeVirgine
1134 2209 1290 2282 sumptum

301 2309 360 2367 est,
375 2314 430 2355 nos
444 2310 574 2364 sumere,
587 2297 731 2354 ettamen
743 2312 804 2354 non
814 2293 925 2374 ipsum.
942 2294 1046 2377 Ipsum
1059 2296 1180 2378 quidem
1197 2320 1292 2380 quan·
1364 2329 1366 2334 ’

301 2404 366 2457 tum
380 2392 420 2453 ad
435 2390 596 2452 essentiam
609 2409 749 2470 veraeque
758 2398 876 2454 naturae
886 2393 1115 2476 proprietatem,
1128 2403 1222 2480 atque
1233 2400 1292 2464 vir-

300 2501 413 2562 tutem;
429 2510 488 2550 non
500 2488 600 2570 ipsum
612 2495 714 2550 autem
727 2489 752 2551 si
763 2497 884 2572 spectes
896 2492 995 2574 panis,
1012 2493 1134 2576 vinique
1145 2499 1289 2581 speciem,

298 2599 466 2673 caeteraque
489 2587 627 2671 superius
650 2589 868 2671 comprehensa
894 2615 899 2653 :
929 2592 1005 2656 hanc
1034 2595 1124 2657 tidem
1150 2598 1249 2661 tenuit
1274 2622 1293 2663 a

299 2691 404 2776 priscis
419 2689 616 2772 temporibus
635 2698 667 2753 et
677 2710 758 2754 nunc
768 2697 853 2754 tenet
867 2692 1015 2769 Ecclesia,
1035 2714 1102 2776 quae
1119 2716 1174 2778 per
1192 2706 1292 2762 totum

298 2791 407 2855 diffusa
418 2791 520 2853 orbem
533 2788 681 2852 catholica
691 2789 875 2853 nominatur.
889 2792 979 2855 Unde
990 2792 1069 2858 sicut
1083 2796 1220 2879 superius
1231 2799 1295 2862 dic-

298 2902 363 2957 tum
386 2899 450 2965 est,
472 2880 624 2952 Dominus
638 2888 668 2950 in
684 2889 873 2972 Evangelio:
893 2922 906 2942 u
925 2892 1083 2975 Accipite,
1108 2904 1140 2959 et
1160 2899 1292 2962 mandu-

299 3004 377 3064 cate,
392 2993 449 3055 hoc
465 2998 512 3053 est
526 3010 635 3073 corpus
650 3010 762 3064 meum,
778 2991 861 3072 quod
871 3013 926 3074 pro
937 2993 1023 3056 vobis
1035 2996 1182 3059 tradetur.
1204 3030 1217 3051 n
1233 2999 1290 3074 Et,

303 3128 315 3148 a
328 3093 390 3157 Hic
398 3105 445 3156 est
451 3090 531 3155 calix
538 3089 693 3173 sanguinis
702 3089 772 3164 mei,
785 3091 964 3174 mysterium
973 3093 1054 3173 fidei,
1066 3094 1118 3177 qui
1124 3116 1181 3178 pro
1189 3099 1290 3174 vobis,
1345 3139 1350 3149 ·

298 3203 330 3258 et
336 3216 391 3278 pro
398 3189 501 3256 multis
509 3188 678 3254 effundetur
684 3189 715 3250 in
722 3189 929 3253 remissionem
934 3201 1137 3275 peccatorum.
1150 3228 1163 3249 n
1174 3197 1295 3263 Beatus

296 3292 489 3365 Ambrosius,
497 3290 670 3353 discernens
679 3298 902 3354 sacramentum
914 3291 1154 3357 Christianorum
1161 3317 1181 3359 a
1188 3318 1293 3364 sacra-

295 3400 398 3458 mento
411 3390 605 3466 ludaeorum,
628 3391 659 3449 in
679 3409 818 3451 sermone
838 3390 875 3452 de
892 3392 1046 3476 mysteriis
1062 3394 1102 3456 ad
1118 3398 1294 3484 neophytos

293 3493 337 3557 sic
348 3492 392 3554 ait
406 3512 412 3550 :
434 3521 446 3541 u
464 3486 632 3551 Considera
643 3509 724 3552 nuno
740 3497 843 3553 utrum
856 3492 1048 3574 praestantior
1062 3493 1103 3557 sit
1115 3495 1205 3577 panis
1218 3498 1292 3560 An-

294 3591 440 3674 gelorum,
451 3604 567 3649 ancara
576 3585 701 3660 Christi,
713 3610 781 3670 quae
790 3590 896 3673 utique
905 3612 1013 3674 corpus
1024 3600 1072 3656 est
1080 3594 1159 3657 vitae.
1172 3596 1294 3662 Manna

293 3689 395 3753 illude
406 3685 497 3760 coelo,
511 3684 567 3747 hoc
579 3706 671 3768 supra
685 3689 805 3750 coelum.
825 3689 905 3753 Illud
918 3691 1001 3767 coeli,
1021 3692 1077 3756 hoc
1091 3693 1215 3758 Domini
1230 3718 1294 3762 coe-

293 3791 401 3852 lorum.
418 3785 497 3850 Illud
512 3784 699 3868 corruptioni
713 3788 894 3866 obnoxium,
909 3790 977 3853 siin
992 3792 1072 3855 diem
1087 3793 1216 3858 alterum
1228 3818 1293 3861 ser-

291 3895 426 3963 varetur,
440 3886 498 3949 hoo
509 3884 640 3948 alienum
652 3886 691 3947 ob
701 3887 783 3948 omni
795 3891 999 3973 corruptione.
1013 3893 1104 3970 Quod
1115 3893 1292 3979 quicunque

292 3985 431 4070 religiose
443 3983 627 4069 gustaverit,
646 3984 870 4067 corruptionem
883 3989 995 4054 sentire
1008 4012 1070 4054 non
1084 3993 1209 4074 poterit.
1224 3996 1292 4064 Illis

292 4106 373 4169 aqua
383 4085 422 4147 de
436 4093 524 4166 petra
535 4081 637 4158 fiuxit,
656 4083 711 4146 tibi
722 4086 847 4170 sanguis
862 4109 880 4150 e
895 4088 1027 4154 Christo.
1039 4091 1112 4156 Illos
1126 4093 1167 4154 ad
1181 4094 1292 4158 horam

291 4183 416 4250 satiavit
432 4202 525 4265 aqua,
543 4190 574 4245 te
589 4181 713 4265 sanguis
729 4183 817 4248 diluit
832 4185 860 4248 in
878 4194 1038 4252 aetemum.
1056 4191 1182 4254 Judaeus
1194 4193 1288 4267 bibit,

291 4302 323 4350 et
334 4283 400 4348 sit't
414 4305 422 4357 ;
437 4289 473 4346 tu
488 4303 557 4345 cum
573 4281 697 4360 biberis,
715 4283 800 4347 sitire
814 4306 873 4348 non
891 4288 1016 4370 poteris.
1029 4292 1072 4354 Et
1085 4290 1160 4355 illud
1173 4291 1204 4354 in
1219 4313 1291 4356 urn-
