3184 5442
419 723 504 763 mmm
530 723 569 762 88
593 722 728 763 conpone
751 723 788 764 81
812 723 901 764 sanc.
929 724 1050 764 88111111.
1173 703 1237 765 155

238 865 341 940 ilium,
357 862 409 946 qui
428 862 467 924 de
485 862 614 926 diversis
627 860 717 947 hujus
732 862 839 924 mundi
853 861 993 945 partibus
1007 862 1077 925 illuc
1092 883 1238 926 convene-

240 971 329 1040 rant,
356 961 484 1026 Joannis
509 961 594 1026 Scoti
619 962 694 1025 liber
713 962 751 1024 de
774 961 970 1025 Eucharistia
992 962 1089 1026 lectus
1115 971 1183 1038 est,
1201 985 1237 1027 ac

154 1100 157 1106 ·
238 1066 402 1130 damnatus
413 1115 419 1140 ‚
430 1062 582 1126 sententia
593 1070 647 1125 tua
657 1061 798 1145 exposita
809 1083 845 1124 ac
860 1063 1022 1137 damnata,
1035 1063 1111 1125 fides
1125 1070 1238 1126 sanctae

239 1165 400 1237 Ecclesiae‚
419 1184 512 1247 quam
534 1183 592 1247 ego
612 1171 719 1236 teneo,
737 1171 768 1226 et
789 1163 954 1226 tenendum
971 1172 1093 1237 astruo,
1113 1163 1235 1234 audita,

241 1273 274 1328 et
291 1264 431 1329 concordi
454 1263 590 1326 omnium
606 1283 755 1326 consensu
770 1264 959 1327 confirmata.
983 1264 1054 1327 Duo
1070 1263 1169 1327 clerici
1186 1264 1237 1346 qui

239 1366 359 1451 legatos
387 1375 456 1428 tuos
483 1385 516 1426 se
537 1385 603 1427 esse
631 1362 792 1438 dixerunt,
807 1365 945 1427 volentes
968 1372 999 1427 te
1027 1363 1188 1427 defendere
1207 1364 1237 1426 in

240 1466 338 1549 primo
350 1465 456 1536 statim
466 1462 572 1526 auditu
583 1463 758 1527 defecertmt
773 1473 822 1539 ,81
838 1465 920 1546 capti
931 1471 1013 1527 sunt.
1029 1465 1081 1527 Ab
1095 1465 1153 1527 hac
1167 1486 1237 1527 sen-

240 1566 336 1628 tentia
356 1586 512 1648 nunquam
529 1564 670 1628 discessit
691 1573 816 1628 sanctus
829 1566 893 1628 Leo
909 1565 940 1627 in
956 1566 1095 1629 omnibus
1106 1564 1240 1628 conciliis

240 1665 303 1729 suis
318 1716 324 1740 ‚
344 1687 397 1729 seu
409 1665 518 1749 quibus
534 1665 601 1748 ipse
621 1687 708 1729 suam
722 1664 915 1752 praesentiam
932 1665 1089 1741 exhibuit,
1105 1686 1159 1729 seu
1172 1687 1239 1749 quae

239 1787 295 1850 per
313 1767 430 1852 legatos
450 1788 522 1829 suos
538 1767 570 1829 in
582 1765 711 1830 diversis
725 1765 888 1849 provinciis
902 1767 1079 1849 congregari
1092 1766 1236 1829 instituit.

240 1867 316 1946 Quae
324 1869 477 1932 sententia
488 1890 549 1931 non
565 1867 675 1952 effugit
687 1887 892 1930 successorem
908 1888 1028 1950 quoque
1040 1888 1128 1929 suurn
1144 1866 1239 1930 felicis

240 1968 394 2031 memoria
415 1969 534 2052 Papam
560 1969 731 2032 Victorem.
758 1967 822 2031 Sed
840 1967 983 2050 quicquid
1001 1968 1039 2030 de
1062 1967 1119 2029 hac
1137 1988 1169 2030 re
1185 1988 1240 2030 seu

240 2068 357 2131 caeteris
377 2069 443 2152 ipse
466 2069 602 2143 statuit,
633 2068 765 2133 statuive
790 2068 959 2150 praecepit:
991 2068 1048 2131 hoc
1068 2067 1159 2131 etiam
1181 2066 1239 2130 iste

241 2189 298 2231 sua
310 2176 403 2251 atque
413 2169 548 2232 omnium
560 2168 758 2232 conciliorum
769 2189 891 2231 suorum
902 2168 1083 2231 auctoritate
1092 2165 1237 2229 firmavit.

240 2268 381 2353 Denique
404 2270 435 2332 in
458 2270 584 2334 concilio
607 2269 793 2345 Turonensi,
822 2269 870 2332 cui
894 2268 990 2351 ipsius
1018 2266 1181 2332 interfuere
1204 2287 1241 2330 ac

240 2369 386 2451 praefuere
411 2370 520 2454 legati:
548 2370 621 2433 data
646 2377 694 2433 est
722 2370 779 2433 tibi
806 2369 891 2452 optio
917 2367 1098 2432 defendendi
1120 2375 1240 2452 partem

241 2477 336 2534 tuam.
364 2470 465 2547 Quam
491 2492 560 2535 cum
583 2468 804 2533 defendendam
827 2470 981 2553 suscipere
1005 2492 1063 2532 non
1091 2470 1237 2540 auderes;

242 2569 398 2634 confessus
421 2592 524 2638 coram
545 2572 686 2635 omnibus
707 2592 898 2635 communem
918 2572 1062 2636 Ecclesiae
1085 2572 1176 2634 fidem
1191 2571 1240 2654 ju-

240 2671 316 2735 rasti
331 2723 338 2747 ,
351 2663 395 2734 'ab
409 2671 462 2734 illa
478 2672 553 2735 hora
569 2679 600 2735 te
615 2672 660 2736 ita
674 2673 860 2735 crediturum
877 2671 957 2736 sicut
967 2672 998 2734 in
1013 2672 1154 2734 Romano
1169 2691 1241 2733 con·
1270 2720 1275 2732 .

241 2771 309 2835 cilio
326 2780 358 2836 te
369 2773 487 2858 jurasse
502 2762 550 2836 est
566 2774 704 2856 superius
719 2774 983 2855 comprehensum.
1002 2773 1097 2836 Porro
1112 2771 1186 2854 quid
1204 2771 1242 2832 de

241 2871 298 2936 hac
308 2893 341 2936 re
356 2881 494 2956 tempore
503 2873 624 2938 Nicolai
637 2881 758 2958 gestum
770 2874 812 2936 sit
825 2926 831 2946 ‚
847 2873 980 2936 breviter
992 2893 1084 2954 supra
1096 2871 1238 2935 reseravi.
1249 2858 1251 2865 ’

241 2971 446 3057 Digrediendo
461 2973 525 3036 haec
547 2973 615 3036 ideo
633 2973 714 3048 dixi,
731 2973 803 3056 quia
821 2972 942 3047 dixisti,
960 2979 1027 3034 8181
1049 2979 1150 3034 881818
1166 2970 1244 3033 Bur-

244 3075 364 3155 gundus
384 3073 416 3136 in
439 3075 592 3138 sententia
616 3073 719 3158 vulgi,
747 3072 920 3146 Paschasii,
945 3079 1039 3155 atque
1066 3070 1240 3135 Lanfranci.

246 3173 329 3237 Nam
348 3195 417 3239 cum
433 3173 580 3238 catholica
591 3173 730 3238 Ecclesia
758 3172 911 3237 dividatur
931 3172 963 3235 in
979 3171 1146 3236 clericalem
1162 3170 1243 3234 ordi-

242 3294 311 3337 nem
323 3326 329 3348 ‚
345 3281 437 3357 atque
447 3271 585 3338 laicalem
599 3297 605 3336 :
624 3273 770 3337 clericalis
780 3295 854 3336 vero
867 3274 941 3336 ordo
955 3272 1102 3337 consistat
1111 3271 1141 3334 in
1150 3271 1244 3355 Epis·

242 3374 326 3458 copis
340 3395 376 3438 88
394 3373 518 3457 reliquis
531 3373 647 3438 Christi
658 3375 892 3449 sacerdotibus,
913 3373 1041 3458 aliisque
1058 3372 1245 3436 diversarum

243 3474 427 3560 dignitatum
440 3474 654 3539 ecclesiasticis
667 3474 822 3558 personis
840 3475 898 3539 hoc
910 3482 1014 3538 autem
1025 3495 1130 3537 omnes
1138 3479 1248 3557 praeter

243 3573 441 3657 paucissimos
457 3574 670 3639 schismaticos
686 3627 692 3650 ‚
708 3575 787 3639 hanc
802 3576 893 3638 fidem
912 3581 1016 3638 tenere
1030 3573 1247 3637 manifestissi-

243 3695 325 3737 mum
337 3675 397 3740 sit:
417 3675 529 3739 rectius
547 3675 677 3739 dixisses
691 3727 698 3751 ,
722 3683 788 3739 8181
807 3683 910 3739 autem
924 3676 1109 3760 Burgtmdus
1124 3674 1155 3736 in
1174 3694 1246 3737 sen-

243 3774 340 3838 tentia
353 3775 509 3839 catholicae
532 3776 697 3853 Ecclesia,
722 3778 777 3840 sed
797 3799 858 3840 non
884 3777 915 3839 in
936 3796 1020 3850 mea,
1048 3793 1250 3855 meorumque

243 3874 417 3957 sequacium
433 3926 440 3950 ‚
456 3875 508 3958 qui
528 3875 691 3938 maluimus
709 3899 766 3940 nos
785 3878 824 3940 ab
842 3898 879 3940 ea
893 3878 1022 3960 superbe
1036 3894 1196 3957 separare,
1214 3881 1246 3936 et

245 3981 350 4037 contra
368 3995 437 4037 eam
457 3976 497 4038 ad
517 3982 654 4038 nostram
674 3976 840 4058 perniciem
863 3975 995 4039 schisma
1012 3973 1133 4048 facere,
1152 3993 1247 4056 quam

245 4071 399 4137 humiliter
412 4076 549 4137 membra
564 4076 631 4160 ejus
645 4097 712 4139 esse
727 4097 734 4137 :
758 4082 790 4139 et
806 4095 997 4139 communem
1013 4094 1135 4137 cumea
1152 4073 1247 4135 fidem

244 4172 405 4237 salubriter
431 4174 581 4246 retinere,
614 4174 671 4238 hoc
699 4196 806 4238 revera
837 4175 968 4237 dixisses
993 4173 1020 4236 si
1043 4179 1162 4235 amator
1188 4193 1244 4234 ve·

244 4271 344 4337 ritatis
363 4274 548 4338 et'servator
560 4274 686 4360 justitiae
701 4274 871 4349 8111118888,
886 4275 911 4338 81
925 4275 1042 4357 abjecto
1058 4272 1154 4334 inanis
1176 4271 1243 4353 glo-
