3184 5442
501 749 618 793 cnosso
641 749 673 792 in
696 749 746 793 se.
773 753 815 794 no
837 752 912 794 non.
1107 766 1109 773 ·
1164 736 1210 798 23

216 899 310 954 riom,
320 889 331 975 l
343 890 425 969 Quin
439 889 492 972 qui
505 887 611 953 fecerit
619 889 720 974 legem
734 889 821 953 vivet
834 889 867 952 in
878 909 935 953 eo:
951 890 984 953 id
997 897 1057 965 ost,
1072 912 1132 955 non
1143 899 1212 956 m'o·

215 992 309 1055 rietur
321 997 358 1053 ut
373 1009 453 1053 reris.
471 988 540 1052 Nec
554 995 659 1052 tomen
670 988 754 1071 opud
770 989 873 1052 Deum
887 1009 927 1052 ex
938 988 997 1053 hoc
1012 990 1105 1056 hebet
1119 992 1214 1056 meri-

216 1101 292 1156 tum.
322 1125 362 1138 -
392 1087 885 1174 Quidenimseripluro.]Qunsi
899 1089 1032 1154 diceret:
1044 1090 1217 1156 Audiamus

215 1191 291 1274 quid
310 1209 403 1273 super
424 1189 482 1253 hoc
503 1187 656 1271 scriptura
677 1194 818 1278 testetur.
846 1224 887 1237 -
910 1189 956 1251 Εἰ
975 1211 1055 1251 vero
1075 1197 1132 1277 qm·
1150 1214 1214 1253 non

213 1275 459 1376 operarerque
471 1286 747 1370 eointelligendum
761 1287 896 1363 estune,
912 1287 1214 1374 quipostooceptom

216 1391 325 1466 fidem,
350 1388 458 1455 stetim
483 1386 627 1453 moritur.
655 1422 696 1435 -
719 1387 766 1449 Er
782 1394 909 1473 er'gnom
933 1393 1068 1474 occepit.
1082 1388 1215 1478 ]·Qunsi

216 1489 330 1554 diesim
345 1511 352 1552 :
366 1486 516 1570 emerge
527 1535 534 1560 ‚
547 1485 576 1550 si
587 1484 773 1572 justificatus
785 1493 874 1563 erat,
890 1486 1148 1552 circumcisionem
1162 1511 1215 1553 ec-

216 1589 316 1672 cepitt
333 1585 620 1661 circumcisionem,
641 1583 759 1669 inquit,
779 1585 918 1668 occepit3
933 1606 997 1650 non
1017 1586 1090 1670 quio
1107 1589 1212 1663 fieret,

219 1688 276 1751 sed
295 1687 369 1769 quin
387 1686 595 1752 ostenderetur
615 1704 654 1748 eo
664 1682 800 1770 justitio,
819 1705 912 1768 quom
928 1686 995 1750 sole
1007 1686 1085 1750 fides
1105 1695 1215 1752 contu·

221 1785 301 1849 leret
311 1785 368 1850 illi.
392 1821 437 1834 -
463 1784 607 1872 Vestigio
625 1783 731 1868 fidet]
751 1783 861 1849 Ordo:
879 1784 1101 1869 Vestigiotidei
1118 1788 1216 1868 petris
1350 1835 1358 1842 .

219 1884 317 1950 nostri
330 1883 482 1961 numne,
497 1904 566 1968 qnoe
580 1883 673 1948 estin
687 1885 837 1968 preputio
851 1905 859 1946 ι
876 1881 908 1947 id
922 1891 987 1958 est,
1002 1903 1096 1965 quom
1110 1882 1218 1950 hebuit

218 1984 249 2048 in
264 1984 424 2068 praepuu'o.
450 2019 491 2034 -
514 1983 590 2049 Noa
601 1990 685 2047 enim
698 2005 763 2070 per
778 1980 890 2068 legem.
902 1981 914 2067 ]
927 1981 1024 2060 Quasi
1043 1981 1154 2064 uliquis
1167 1983 1216 2046 di-

218 2091 319 2150 ceret:
343 2083 406 2148 (lin
431 2083 538 2148 dixisti
556 2082 689 2168 vestigia
710 2081 798 2157 fidei,
823 2087 856 2145 et
878 2102 940 2144 non
959 2080 1064 2144 dixisti
1086 2081 1217 2168 vestigio

216 2183 309 2267 legist
321 2183 357 2248 Si
367 2182 501 2266 enim‘od
511 2181 730 2247 inconveniens
739 2179 825 2246 ducit
837 2180 999 2245 adversum
1010 2186 1141 2264 portem,
1155 2202 1216 2247 non

217 2289 322 2349 nutem
335 2282 424 2348 simul
436 2301 504 2346 esse
513 2282 613 2346 solam
624 2279 701 2364 legis
714 2281 941 2345 observantiam
949 2279 1138 2346 'haereditotis
1149 2291 1216 2347 etse

218 2389 389 2448 consumet
405 2382 497 2446 fidem
510 2403 518 2456 ;
532 2386 588 2445 out
610 2379 692 2444 solos
703 2380 912 2444 Judaeosesse
925 2380 1060 2444 heredes
1077 2381 1213 2447 Gentes.

219 2516 264 2531 -
283 2481 355 2545 Len·
368 2488 453 2544 enim
471 2488 553 2543 mom
566 2491 727 2566 operator.
742 2479 868 2565 ]Couso
890 2500 944 2545 cur
962 2501 1018 2564 per
1034 2480 1133 2566 legem
1156 2503 1217 2545 non

218 2581 260 2647 sit
269 2580 432 2664 promissio
444 2580 642 2645 haemdtatis.
653 2581 735 2645 Iram
751 2581 833 2645 enim
844 2581 903 2647 Dei
913 2602 958 2644 ex
970 2581 1218 2664 prevaricatione

219 2700 280 2745 non
290 2680 482 2764 implentium
493 2680 757 2764 potiusopemtur.
771 2716 815 2732 -
829 2679 890 2744 dcc
900 2687 984 2743 enim
998 2702 1062 2742 non
1075 2691 1124 2742 ert
1134 2678 1218 2765 lem]

200 2816 202 2819 ·
222 2779 344 2855 lithos,
355 2780 473 2864 inquit,
486 2780 591 2845 videre
598 2787 718 2864 potest,
731 2780 804 2864 quio
813 2781 864 2846 lex
872 2780 951 2844 iram
959 2785 1112 2863 operetur.
1126 2780 1218 2858 Quod

222 2879 341 2944 ubilex
355 2887 492 2955 nonest,
506 2900 563 2944 nec
576 2879 786 2964 prevaricatio
800 2931 807 2957 ,
821 2901 890 2964 quoe
903 2887 958 2944 est
976 2900 1071 2945 causo
1082 2879 1146 2944 irae.
1174 2915 1215 2928 —

228 2975 324 3041 Omni
340 2986 466 3043 semini.
479 2979 541 3065 ]1d
556 2987 620 3057 est,
633 2980 716 3045 omni
729 2981 877 3047 imitatori
890 2980 961 3044 fidei
972 3003 980 3054 ;
998 2979 1068 3042 sive
1087 2979 1213 3050 Judaeo,

217 3075 289 3141 sive
298 3079 425 3143 Gentili.
440 3078 647 3144 Omnesonim
657 3087 787 3164 possunt
797 3078 886 3144 focile
894 3079 1035 3148 credere;
1046 3096 1106 3139 non
1116 3083 1219 3139 autern

225 3196 330 3242 omnes
348 3178 448 3263 legem
474 3178 612 3261 implere.
638 3215 682 3228 -
704 3178 843 3264 Propter
857 3172 1158 3266 justificationem]
1183 3175 1220 3238 Id

224 3282 287 3351 est,
317 3284 351 3342 ut
370 3278 529 3343 credentes
550 3299 621 3343 snm
641 3276 845 3344 resurrexisse
861 3275 1109 3364 justificarentur.
1135 3274 1179 3338 Et
1201 3296 1220 3338 o
1305 3297 1310 3306 ·

224 3385 312 3456 pone
331 3377 494 3441 rotundos
511 3376 698 3461 designetur.

658 3669 726 3712 CAP.
751 3670 783 3710 V.

268 3866 415 3930 Mortuos
430 3879 488 3931 est.
505 3866 516 3952 ]
529 3864 609 3930 Cum
623 3865 723 3931 adhuc
739 3865 921 3949 temporetis
934 3866 1128 3951 diligeremus
1141 3885 1147 3928 :
1162 3866 1220 3930 nisi

224 3965 311 4030 nobis
317 3986 404 4050 spem
413 3968 526 4031 mnam
533 3966 631 4043 daret,
645 3987 712 4050 quae
725 3988 782 4032 nos
794 3965 991 4032 confunderet
996 4013 1062 4031 .....
1087 4001 1132 4014 ·-
1155 3964 1224 4028 Sed

224 4075 256 4124 et
275 4062 462 4149 gloriamur.
477 4065 490 4151 ]
504 4065 540 4148 Id
554 4073 619 4142 est,
641 4073 800 4150 sperantes
819 4087 876 4131 nos
900 4065 1056 4130 habituros
1074 4064 1217 4150 gloriam,

224 4183 318 4246 quom
333 4163 447 4230 hubent
460 4165 532 4231 Filii
542 4165 612 4233 Dei.
641 4201 682 4218 ·-
707 4166 880 4254 Propterea
893 4173 986 4230 sicut.
999 4163 1012 4251 ]
1024 4164 1145 4230 Pendet
1155 4183 1223 4228 scn-

225 4264 320 4329 tentio
335 4285 444 4348 usque.
453 4315 474 4330 ..
489 4265 601 4350 legitor
616 4289 622 4328 :
637 4265 716 4331 sient
735 4287 790 4350 per
807 4265 897 4332 unius
914 4264 1058 4330 delictum
1068 4315 1075 4341 ,
1084 4271 1150 4327 etc.
1178 4297 1218 4310 -
