3184 5442
562 748 767 792 ntuenmmun
792 753 860 793 sne
886 751 1041 792 ormoorts
1233 730 1300 792 ‘295

304 889 358 950 sed
372 909 477 950 ornnes
490 889 612 970 plenum
628 891 770 974 gaudium
789 893 942 955 habebunt
958 917 963 952 :
986 870 1058 975 eigo
1075 891 1146 952 nihil
1162 891 1229 973 plus
1245 913 1298 953 cu-

304 987 388 1066 pient
403 1008 493 1069 quarn
510 988 671 1061 habebunt,
695 1001 726 1054 et
743 991 817 1054 nihil
834 999 937 1074 potest
951 990 1041 1076 adjici
1055 989 1165 1072 gaudio
1179 1010 1295 1052 eorum.

304 1086 393 1163 Quod
412 1086 491 1148 enim
507 1087 633 1168 quisque
652 1088 682 1150 in
700 1111 732 1151 se
748 1112 808 1152 non
824 1089 979 1166 hahuerit,
995 1090 1025 1150 in
1037 1089 1132 1151 altero
1146 1089 1269 1151 habehit
1288 1112 1293 1149 :

302 1192 347 1260 ut,
362 1186 447 1248 verbi
462 1187 571 1271 gratia,
587 1189 697 1252 Petrus
713 1191 743 1252 in
753 1192 774 1254 J
776 1192 893 1254 ohanne
901 1190 1029 1276 gloriam
1037 1191 1159 1253 habebit
1170 1189 1296 1274 virgini-

304 1285 394 1357 tatis;
417 1286 573 1349 Johunnes
588 1287 619 1348 in
638 1289 731 1352 Petro
749 1291 877 1372 gloriam
900 1291 1059 1373 passionis.
1086 1293 1128 1353 Et
1143 1290 1187 1352 ita
1202 1289 1298 1372 gloria

303 1384 535 1470 uniuscujusque
558 1387 616 1449 erit
633 1390 784 1462 omnium,
804 1400 835 1453 et
847 1391 943 1476 gloria
958 1391 1091 1453 omnium
1107 1390 1296 1475 uniuscujus-

303 1505 361 1565 que
377 1485 446 1548 erit.
464 1486 523 1549 Dic
534 1486 626 1569 igitur
642 1489 715 1570 quid
730 1511 840 1572 cupere
851 1491 920 1573 plus
934 1497 1088 1572 poterunt,
1109 1490 1161 1570 qui
1169 1487 1297 1572 Angelis

302 1586 470 1667 coaequales
491 1595 597 1660 erunt,
621 1597 652 1650 et
670 1589 734 1652 heco
755 1591 873 1664 omnia,
898 1612 965 1672 quae
987 1588 1238 1662 commemoravi,
1266 1596 1298 1649 et

302 1685 388 1765 plura
401 1685 564 1750 habebunt.
589 1687 757 1751 Alexandri
781 1690 884 1773 ampla
903 1689 1039 1772 potentia
1061 1696 1141 1750 esset
1159 1688 1219 1749 illis
1239 1709 1294 1750 an-

301 1794 390 1866 gusia
407 1786 555 1848 custodia.
574 1788 695 1870 Nempe
711 1788 830 1851 illorum
852 1798 915 1852 tam
934 1788 1042 1851 efficax
1059 1787 1116 1850 erit
1130 1787 1289 1868 potentia,

301 1893 335 1946 ut
352 1884 378 1946 si
393 1885 475 1947 aliud
494 1886 602 1948 ooelum
625 1885 723 1949 lacere
744 1889 867 1958 vellent.
893 1896 1033 1970 potenter
1052 1896 1187 1970 possent.
1214 1889 1294 1951 Sunt

301 1984 379 2045 enirn
395 1984 466 2046 Filii
477 1985 546 2058 Dei,
566 1992 597 2046 et
607 1977 777 2048 cohaeredes
789 1987 913 2059 Christi,
929 2001 960 2050 et
972 1988 1038 2049 ideo
1049 1987 1101 2061 dii,
1115 1995 1150 2048 nt
1159 1986 1289 2050 dicitur:

305 2116 316 2134 u
333 2085 399 2167 Ego
414 2084 488 2157 dixi,
503 2084 544 2146 dii
556 2085 639 2149 estis
660 2117 671 2137 r
690 2087 732 2149 Et
744 2086 816 2169 quia
831 2087 873 2149 dii
887 2095 975 2160 sunt,
990 2086 1091 2148 omnia
1107 2108 1174 2169 quae
1190 2087 1294 2150 volunt

301 2194 437 2265 possunt.

343 2286 382 2348 D.
409 2287 451 2348 Et
468 2285 492 2348 si
511 2294 655 2369 possunt,
675 2307 767 2368 quare
795 2309 854 2349 non
870 2287 952 2350 aliud
975 2286 1083 2350 ooelum
1105 2286 1237 2348 faciuntl
1253 2323 1292 2334 —

300 2386 345 2447 Μ.
362 2386 448 2448 Deus
461 2385 537 2448 nihil
551 2384 760 2469 imperfectum
783 2387 924 2470 reliquit:
943 2386 1015 2468 quia
1032 2386 1134 2448 omnia
1155 2386 1185 2447 in
1206 2408 1293 2449 men-

299 2506 378 2558 sura,
399 2506 523 2547 numero
534 2496 565 2549 et
577 2485 722 2568 pondere,
737 2484 871 2568 perfecte
886 2486 1027 2548 absolvit.
1043 2488 1085 2548 Et
1101 2486 1126 2548 si
1141 2485 1199 2567 ipsi
1214 2485 1296 2548 aliud

299 2585 404 2646 coelum
416 2583 562 2659 lacerent,
577 2594 658 2648 esset
670 2584 856 2668 superfluum
870 2608 877 2648 :
893 2588 947 2649 sed
958 2585 1032 2648 nihil
1044 2586 1152 2648 volunt
1164 2586 1246 2668 quod
1257 2586 1297 2648 sit

299 2684 440 2746 indecens
463 2685 509 2747 vel
532 2706 763 2768 supervacuum.
791 2687 859 2748 Nos
877 2687 989 2748 etenim
1004 2687 1099 2748 multe
1114 2706 1293 2769 possumus,

300 2804 366 2865 quae
380 2792 483 2846 tamen
498 2805 559 2844 non
574 2783 713 2857 facimus,
725 2792 760 2846 ut
776 2784 900 2856 saltare,
918 2785 965 2847 vel
979 2805 1108 2847 currere.

341 2883 381 2945 D.
409 2883 485 2944 Haec
507 2883 609 2944 omnia
629 2891 755 2965 possunt
778 2882 859 2945 credi
883 2884 920 2944 de
943 2883 1103 2964 Apostolis
1122 2893 1153 2945 et
1171 2884 1297 2946 summis

297 2982 437 3045 Sanctis:
455 2982 536 3045 circa
550 3003 605 3044 nos
621 2983 697 3044 hene
712 2980 842 3066 geritur,
860 2981 885 3042 si
902 2981 988 3043 nobis
1005 2982 1035 3043 in
1052 2981 1176 3044 seruitio
1192 3005 1294 3045 eorum

300 3081 401 3144 vivere
413 3082 597 3145 conceditur.
612 3083 661 3145 De
682 3081 821 3143 omnibus
840 3082 962 3143 omnino
981 3082 1071 3167 justis
1091 3081 1293 3144 dictumest:

303 3214 314 3232 ι·
330 3184 428 3244 Erunt
450 3182 581 3264 aequales
595 3181 725 3264 Angelis
738 3182 810 3244 Dei.
833 3215 844 3235 n
871 3182 958 3245 Sicut
972 3182 1052 3243 onim
1069 3183 1142 3243 illud
1160 3193 1207 3244 est
1225 3203 1295 3264 per-

297 3280 374 3344 seote
386 3281 527 3350 calidum,
543 3303 563 3343 a
579 3303 640 3364 quo
652 3303 741 3343 omne
758 3280 853 3364 frigus
869 3291 917 3344 est
934 3292 1098 3352 remotum;
1115 3291 1145 3343 et
1158 3281 1231 3343 illud
1249 3292 1296 3346 est

296 3381 429 3463 perfecte
441 3381 594 3466 frigidum,
611 3403 704 3465 aquo
720 3383 818 3445 omnis
830 3383 912 3447 calor
929 3392 1116 3454 rernovetur;
1141 3391 1173 3445 et
1190 3395 1293 3444 tamen

296 3483 377 3544 aliud
388 3490 489 3565 potest
501 3503 568 3545 esse
583 3482 698 3545 calidus
705 3490 760 3545 aut
769 3481 895 3566 frigidus
909 3504 916 3544 :
934 3483 979 3545 ita
988 3483 1058 3546 lieet
1072 3503 1177 3544 omnes
1188 3483 1294 3546 Sancti

295 3583 426 3664 aequales
452 3583 512 3645 sint
538 3603 659 3665 semper
683 3582 815 3645 videndo
838 3582 946 3647 faciem
973 3584 1093 3655 Patris;
1123 3594 1226 3646 tamen
1249 3583 1294 3646 ite

295 3681 435 3746 differunt
454 3682 484 3744 in
505 3683 599 3767 glorie
620 3690 654 3744 ut
671 3683 826 3745 stellarum
841 3683 981 3756 claritaS,
1005 3684 1053 3745 vel
1073 3683 1145 3745 solis
1166 3693 1197 3746 et
1216 3684 1293 3746 lunae

294 3782 418 3845 lumina.
444 3783 531 3846 Sicut
549 3782 641 3866 igitur
660 3782 685 3843 si
709 3804 762 3844 rex
785 3784 960 3866 praeteriens
985 3804 1117 3866 aegrum,
1144 3804 1236 3866 quem
1261 3783 1291 3845 in

293 3903 379 3944 eoeno
391 3883 544 3967 jacentem
559 3881 686 3956 videret,
705 3883 810 3957 levari,
829 3883 975 3958 balneari,
989 3884 1125 3946 vestibus
1136 3884 1199 3946 suis
1210 3884 1292 3947 indui

292 3984 421 4066 juberet,
434 4006 543 4046 nornen
559 4006 645 4047 suum
662 3985 689 4047 ei
706 3986 888 4069 imponeret,
906 3986 936 4048 in
951 3987 1043 4050 filium
1056 4009 1144 4050 suum
1162 3987 1291 4068 adopta-

293 4090 349 4154 ret,
372 4103 498 4167 regnum
510 4083 537 4145 ei
549 4083 578 4144 in
595 4084 802 4147 haereditatem
817 4086 922 4149 daret:
941 4087 984 4150 ita
999 4089 1085 4151 Deus
1100 4107 1226 4150 cernens
1236 4106 1293 4146 nos

293 4182 323 4243 in
338 4182 402 4245 luto
412 4190 616 4265 peccatorum,
632 4204 687 4245 nos
696 4182 766 4246 inde
781 4205 836 4266 per
851 4185 941 4247 fidem
957 4187 1086 4262 levavit,
1105 4184 1293 4265 baptismate

292 4282 386 4355 lavit,
412 4303 523 4344 nornen
542 4304 603 4345 sune
622 4270 801 4345 Divinitatis
817 4285 902 4355 nohis
924 4286 1085 4366 imposuit,
1111 4285 1140 4344 in
1167 4305 1291 4367 regnunt
