3184 5442
442 719 447 764 ,1
555 714 761 756 mircmnnruu
784 715 852 757 s1v13
875 716 1033 759 ornnonrs.
1223 704 1290 765 245

294 852 388 917 etiam
405 855 550 917 bonorum
566 906 572 929 ,
590 854 714 919 fortuito
734 855 805 938 igne
820 856 1001 930 invadente,
1022 858 1109 939 quasi
1131 879 1203 922 casu
1226 882 1290 924 cre-

294 954 432 1017 manturt
447 991 492 1001 —
505 956 552 1017 M.
582 954 680 1018 Casus
710 954 784 1016 nihil
812 962 870 1017 est.
897 954 1052 1037 Scriptum
1082 965 1130 1020 est
1155 964 1285 1022 autem:

298 1083 310 1105 a
326 1053 411 1116 Nihil
423 1055 458 1116 fit
471 1055 502 1116 in
518 1062 600 1118 terra
614 1055 679 1117 sine
691 1075 791 1117 causa.
801 1086 814 1108 n
832 1054 922 1118 Unde
937 1061 1025 1137 patet
1038 1056 1120 1138 quod
1134 1058 1217 1121 nulla
1227 1061 1288 1122 Ec-

293 1152 402 1231 clesia,
419 1153 468 1216 vel
486 1154 590 1236 aliqua
605 1174 677 1217 casa
691 1154 812 1237 uspiam
825 1154 858 1215 in
880 1153 992 1216 mundo
1013 1155 1216 1231 comburitur,
1234 1179 1290 1221 nec

294 1252 472 1336 destruitur,
497 1254 554 1316 nisi
569 1254 653 1336 prius
669 1275 688 1316 a
705 1254 774 1317 Deo
789 1253 990 1339 adjudicetur.
1012 1253 1171 1339 Contingit
1186 1264 1289 1321 autem

294 1352 352 1414 hoc
365 1353 462 1416 tribus
476 1375 515 1415 ex
535 1353 648 1416 causis.
667 1353 783 1427 Primo,
805 1352 832 1414 si
851 1353 995 1417 Ecclesiae
1010 1353 1091 1416 aedes
1105 1375 1161 1437 per
1179 1354 1289 1441 injuste

295 1452 633 1534 acquisitaconstructae
644 1459 727 1515 sunt.
744 1452 900 1526 Secund0,
913 1453 939 1514 si
954 1451 1160 1517 inhabitantes
1169 1476 1223 1518 eas
1235 1478 1291 1540 per

294 1549 502 1625 immunditias
513 1553 721 1634 coinquinant.
733 1552 838 1615 Tertio
850 1604 857 1627 ,
870 1552 896 1615 si
911 1574 964 1615 eas
975 1553 1112 1616 homines
1120 1554 1189 1635 plus
1197 1575 1288 1637 quam

294 1657 409 1714 aeterna
427 1652 565 1736 diligant.
582 1652 646 1715 Sed
663 1672 720 1715 nec
739 1652 896 1714 minimum
912 1673 1005 1734 pecus
1025 1652 1140 1715 homini
1163 1655 1291 1719 moritur

282 1749 344 1838 vel
358 1749 538 1826 infirmatur,
553 1751 612 1814 nisi
626 1750 686 1815 Dei
701 1758 779 1814 nutu
790 1752 951 1837 judicetur.

338 1850 381 1913 D.
398 1849 475 1914 Cum
490 1872 572 1913 mors
586 1859 618 1913 et
637 1851 784 1934 aegritudo
808 1850 869 1912 sint
882 1870 980 1931 poenae
997 1849 1136 1932 peccati;
1157 1871 1210 1914 cur
1226 1852 1290 1917 haec

295 1950 452 2031 patiuntur
466 1971 596 2033 pecora,
614 1971 682 2015 curn
697 1972 753 2032 per
763 1950 975 2013 discretionem
990 1969 1115 2031 peccare
1129 1949 1286 2013 nescienti

297 2085 338 2096 -
351 2050 396 2112 M.
413 2050 524 2114 Perea
539 2051 630 2113 homo
643 2049 778 2134 punitur,
797 2070 867 2113 oum
881 2070 986 2112 eorum
1000 2048 1103 2111 dolore
1121 2049 1171 2111 vel
1192 2058 1290 2113 morte

295 2147 326 2209 in
341 2147 441 2211 animo
456 2155 625 2231 torquetur.

339 2248 380 2311 D.
395 2249 466 2312 Hoc
477 2255 579 2332 potest
590 2269 656 2310 esse
668 2249 707 2311 de
721 2247 913 2321 domesticis;
933 2247 1008 2330 quid
1022 2247 1096 2311 dicis
1111 2248 1149 2310 de
1161 2248 1289 2330 agresti-

295 2346 370 2410 bust
385 2383 425 2396 -·
433 2348 478 2411 M.
489 2347 578 2425 Quod
589 2369 626 2411 ea
637 2346 815 2433 aegritudine
824 2353 975 2411 vexantur
987 2398 994 2421 ,
1008 2346 1110 2410 evenit
1122 2345 1166 2408 eis
1175 2367 1215 2408 ex
1226 2368 1290 2410 cor-

295 2454 385 2530 rupto
405 2468 493 2521 aere,
508 2446 558 2510 vel
573 2449 612 2509 ab
628 2447 695 2510 aliis
717 2449 825 2521 rebuS,
848 2468 916 2530 quae
933 2448 971 2510 ob
987 2454 1145 2530 peccatum
1160 2447 1290 2510 hominis
1367 2486 1369 2490 ⁴

296 2547 667 2610 mcoutranamutantur.
697 2632 707 2647 ἢ

342 2854 374 2916 9.
405 2854 451 2914 De
460 2853 762 2938 predestinatione,
788 2864 818 2913 et
836 2851 876 2913 de
886 2859 1099 2936 permissione
1112 2857 1239 2935 peccati
1257 2861 1290 2913 in

297 2951 415 3015 electis.
1308 2938 1310 2941 ¹

340 3054 384 3116 D.
401 3053 483 3132 Quid
507 3059 553 3116 est
571 3053 797 3135 praedestinatio
822 3051 899 3115 Deii
919 3087 958 3098 -
971 3051 1017 3113 Μ.
1041 3052 1089 3113 Ea
1112 3049 1287 3133 dispositio,

298 3173 361 3236 qua
385 3161 456 3217 ante
482 3159 618 3216 creatum
644 3152 786 3216 saeculum
814 3151 962 3233 quosdam
986 3150 1026 3212 ad
1049 3170 1138 3212 suum
1164 3170 1290 3234 regnum

297 3252 528 3334 preordinavit,
554 3251 592 3314 de
617 3251 727 3334 quibus
748 3251 848 3313 nullus
871 3250 971 3332 perire
997 3248 1109 3330 possit,
1131 3258 1163 3311 ct
1186 3269 1292 3311 omnes

298 3351 410 3414 salvari
428 3370 552 3414 necesse
573 3350 612 3412 sit
628 3373 635 3422 ;
655 3356 686 3412 et
701 3349 850 3431 quosdam
865 3349 904 3411 ad
920 3369 1061 3431 poenam,
1085 3367 1162 3429 quos
1175 3348 1291 3430 peccati

299 3471 367 3514 reos
377 3450 544 3533 prescivit,
563 3450 602 3511 de
614 3449 724 3532 quibus
734 3449 834 3512 nullus
844 3449 947 3512 salvus
959 3447 1028 3510 erit.

342 3550 383 3612 D.
406 3549 441 3612 Si
458 3548 558 3611 nullus
571 3555 673 3631 potest
689 3548 819 3622 salvari,
841 3548 898 3612 nisi
918 3545 1139 3637 predestinati,
1158 3547 1198 3609 ad
1219 3545 1291 3628 quid

241 3656 244 3660 ’
299 3647 351 3710 alii
372 3647 466 3710 creati
487 3655 578 3723 sunt,
605 3648 655 3711 vel
677 3647 708 3709 in
730 3669 790 3730 quo
812 3656 883 3710 sunt
901 3647 961 3721 rei,
980 3647 1062 3728 quod
1083 3644 1228 3727 pereant?
1249 3680 1291 3692 -

299 3749 346 3811 Μ.
363 3746 515 3828 Quicquid
529 3747 736 3829 praedestinati
757 3745 885 3819 faciant,
910 3745 1008 3827 perire
1030 3750 1206 3826 nequeunt,
1221 3743 1294 3826 quia

300 3845 401 3909 omnia
410 3853 610 3928 cooperantur
622 3846 681 3908 illis
691 3846 722 3907 in
733 3847 846 3907 bonum
853 3893 863 3923 ,
878 3845 972 3908 etiam
983 3843 1051 3926 ipsa
1061 3851 1198 3926 peccata.
1210 3843 1292 3906 Nam

300 3951 371 4026 post
391 3944 532 4028 graviora
555 3955 679 4028 peccata
696 3945 871 4009 humiliores
888 3952 992 4019 emnt,
1014 3944 1100 4007 etde
1120 3963 1177 4006 sua
1192 3944 1294 4007 salva-

300 4043 381 4106 tione
394 4043 548 4106 uberiores
559 4043 665 4107 laudes
673 4045 742 4108 Deo
752 4043 895 4107 referunt.
909 4043 1043 4126 Reprobi
1052 4052 1156 4106 autem
1169 4049 1294 4125 propter

300 4142 414 4205 electos
430 4150 502 4206 sunt
522 4143 637 4217 creati,
658 4153 692 4206 ut
706 4164 761 4225 per
782 4164 835 4205 eos
853 4143 885 4204 in
906 4142 1068 4206 virtutibus
1082 4150 1291 4213 exerceantur,

302 4249 334 4305 et
349 4262 369 4303 a
384 4242 467 4306 vitiis
484 4242 683 4327 corrigantur,
698 4253 730 4306 et
743 4264 848 4305 eorum
860 4243 1019 4306 collatione
1034 4240 1223 4324 gloriosiores
1236 4261 1293 4322 ap-
