3184 5442
296 621 360 684 134
682 635 711 675 n.
739 633 911 674 rauranum

294 784 396 847 turin
417 782 563 865 requiem.
591 815 631 827 —
656 777 854 839 Festinemm
875 796 952 859 ergo
980 774 1141 860 ingredi]
1162 777 1199 840 ld
1225 785 1290 852 est,

294 881 367 964 quia
381 881 501 964 requies
515 879 568 942 illa
582 883 697 941 aeterna
715 882 779 950 est,
802 893 875 959 ergo
888 871 1067 940 festinemus
1081 875 1141 938 fide
1158 874 1290 960 ingredi.

293 980 366 1054 Vel,
384 1001 457 1064 ergo
473 978 544 1061 quia
562 976 606 1039 illi
627 995 681 1058 per
702 972 945 1037 incredulitatem
966 992 1029 1035 non
1050 972 1179 1058 ingressi
1199 984 1288 1044 stmt.

294 1100 366 1162 ergo
377 1099 433 1142 nos
444 1098 499 1162 per
514 1076 606 1138 fidem
619 1072 825 1157 ingrediemur
835 1071 866 1134 in
878 1071 972 1134 illam.
997 1108 1043 1120 —
1064 1062 1293 1161 Exemplim.]

293 1179 478 1261 Exemplum
498 1173 718 1239 incredulitatis
730 1179 821 1235 vocat
833 1170 1000 1234 vindictam
1019 1172 1097 1248 Dei,
1116 1194 1184 1256 quae
1203 1181 1294 1240 tanta

293 1277 379 1340 illata
396 1282 460 1350 est,
480 1282 516 1339 ut
530 1273 671 1355 exemplo
694 1269 762 1333 aliis
782 1290 851 1332 esse
866 1269 986 1344 valeat,
1004 1291 1044 1333 ne
1062 1271 1209 1335 increduli
1220 1294 1293 1337 esse

231 1414 237 1421 -
293 1381 490 1460 praesumant.
519 1410 559 1431 ι-
588 1372 686 1434 Vivus
698 1382 745 1432 est
759 1369 881 1456 enim]
902 1370 939 1433 Id
958 1377 1023 1445 est,
1040 1371 1153 1446 vivax,
1174 1373 1292 1437 vivaci-

294 1485 342 1540 ter
355 1482 387 1538 et
409 1495 478 1538 cum
500 1475 604 1558 vigore
620 1491 730 1554 agens,
752 1470 840 1552 quasi
860 1469 1021 1533 incredulis
1044 1472 1218 1553 respondet.
1246 1473 1293 1536 At

294 1574 380 1638 novit
401 1574 488 1637 Deus
506 1571 533 1634 si
553 1570 661 1644 credo,
679 1568 728 1632 vel
750 1590 811 1631 non
830 1568 940 1657 credet
966 1569 1067 1633 Vivus
1085 1577 1150 1649 θεῖ,
1170 1571 1289 1656 inquit,

295 1674 354 1739 Dei
369 1694 485 1753 sermo,
499 1673 531 1736 id
540 1679 605 1745 θεῖ,
620 1672 757 1733 Verbum
772 1669 876 1735 Patris
885 1670 977 1732 homo
987 1668 1146 1747 ChristuS,
1165 1678 1225 1734 etc.
1250 1707 1291 1720 -

296 1777 425 1836 Animae
443 1795 483 1836 uc
493 1778 635 1857 spirituc.
652 1769 663 1856 ]
675 1769 829 1834 Discernit
842 1769 940 1833 Filius
953 1768 1032 1833 inter
1043 1770 1175 1834 animam
1185 1778 1217 1835 et
1227 1771 1293 1854 spi-

295 1875 403 1949 ritum;
437 1874 509 1957 quia
541 1872 608 1955 ipse
632 1869 718 1934 novit
746 1870 820 1952 quid
844 1869 936 1932 homo
968 1869 1097 1957 cogitet,
1122 1878 1177 1935 aut
1199 1869 1295 1936 faciat

295 1981 421 2058 propter
438 1981 559 2037 terrena
580 1970 755 2053 commoda,
774 1978 806 2033 et
819 1977 944 2053 propter
958 1968 1104 2033 coelestia.
1129 2004 1173 2018 -
1199 1968 1294 2032 Com-

289 2071 440 2159 pagum.]
452 2071 626 2154 Compages
639 2075 730 2133 vocat
742 2069 967 2156 conjunctiones
976 2069 1213 2153 cogitationum
1231 2091 1295 2134 me-

296 2173 394 2236 dullas
405 2170 590 2234 intentiones
603 2189 707 2232 eorum
726 2194 734 2244 ;
752 2177 784 2234 et
793 2170 876 2233 idem
894 2168 1031 2252 apertius
1048 2169 1158 2252 repetit
1175 2169 1294 2254 cogita·

296 2271 413 2334 tionum
441 2275 473 2332 et
503 2267 718 2332 intentionum.
751 2270 794 2332 Et
821 2275 869 2349 est
899 2267 973 2330 ordo
998 2267 1146 2332 discretor
1167 2287 1294 2353 compa-

296 2389 387 2452 gum,
404 2376 465 2431 etc.
485 2367 520 2431 Si
542 2366 622 2429 enim
646 2366 779 2450 cogitato
800 2366 978 2451 cogitationi
998 2367 1206 2452 conjungitur,
1226 2368 1295 2452 ipse

296 2466 382 2531 novit
407 2487 475 2550 quae
496 2465 537 2530 sit
557 2467 721 2530 secundum
743 2467 860 2542 Deum,
877 2467 927 2530 vel
941 2467 1108 2531 secundum
1122 2469 1288 2533 saeculum:

295 2567 362 2650 ipse
381 2587 503 2651 quoque
522 2587 583 2649 qua
603 2574 712 2651 vergat
728 2566 857 2631 intentio
875 2567 1053 2651 cogitatio,
1067 2566 1133 2630 sive
1152 2568 1290 2644 bonum,

296 2666 362 2730 sive
376 2667 491 2730 malum
509 2665 650 2730 videatur
670 2687 738 2730 esse
759 2667 842 2750 quod
860 2667 937 2751 agit.
964 2703 1005 2716 -
1029 2666 1088 2730 Ad
1098 2689 1189 2754 quem
1203 2667 1295 2731 nobis

297 2788 409 2830 sermo.
422 2765 435 2852 ]
446 2766 501 2830 Ad
511 2764 667 2830 Christum
676 2766 734 2831 erit
746 2767 834 2830 nobis
845 2788 944 2830 sermo
956 2819 963 2841 ,
976 2766 1048 2850 quia
1058 2765 1116 2830 sibi
1132 2767 1296 2833 reddemus

297 2866 445 2930 rationem
456 2867 495 2930 de
507 2865 625 2931 actibus
635 2865 749 2941 nostris
758 2865 789 2928 in
803 2866 852 2929 die
863 2866 979 2952 judicii.
1009 2901 1049 2914 -
1072 2866 1139 2928 Pro
1147 2866 1296 2932 similitu-

297 2964 372 3029 dine
379 2974 519 3053 peccati.
532 2964 546 3052 J
559 2966 620 3031 Pro
641 2965 851 3041 similitudine,
869 2966 981 3042 idest,
999 2966 1166 3029 secundum
1183 2967 1294 3032 simili-

297 3066 450 3140 tudinem,
467 3066 610 3131 videlicet
628 3067 792 3131 secundum
810 3087 951 3139 camem;
969 3065 1042 3149 quia
1054 3065 1086 3128 in
1099 3065 1296 3133 similitudine

298 3165 454 3229 hominum
474 3164 574 3230 factus
600 3174 658 3230 θεῖ.
688 3167 745 3231 Vel
765 3188 822 3250 pro
848 3165 1062 3241 similitudine,
1089 3165 1122 3229 id
1147 3173 1213 3243 θεῖ,
1237 3189 1295 3251 pro

298 3265 439 3348 exemplo
454 3265 554 3327 dando
568 3265 722 3340 fidelibus,
743 3273 779 3329 ut
793 3273 825 3330 et
839 3265 898 3349 ipsi
916 3267 1033 3349 absque
1053 3285 1202 3330 consensu
1220 3287 1296 3350 pec-

298 3363 359 3427 cati
372 3369 548 3426 tententur:
566 3364 763 3428 observantes
775 3387 814 3429 ne
833 3366 1015 3429 inducantur
1025 3364 1058 3427 in
1078 3365 1291 3432 tentationem.

297 3459 358 3522 Vel
370 3459 429 3536 ita,
447 3480 503 3543 pro
527 3460 740 3538 similitudine,
767 3465 798 3527 id
820 3473 883 3542 est,
904 3471 1030 3549 propter
1043 3463 1293 3542 similitudinem

207 3613 212 3628 ,
296 3565 423 3641 propter
437 3579 559 3621 carnem
572 3559 686 3623 scilicet
707 3581 799 3644 quam
814 3566 958 3647 gerebat:
976 3562 1036 3628 nisi
1053 3562 1133 3627 enim
1151 3564 1220 3628 aliis
1233 3565 1295 3630 ho·

297 3657 429 3721 minibus
451 3656 557 3721 similis
572 3666 669 3734 esset,
688 3666 808 3723 tentare
828 3682 897 3725 eum
918 3663 1058 3727 diabolus
1077 3683 1139 3727 non
1152 3664 1292 3730 auderet.

297 3756 399 3831 Ordo,
420 3762 573 3820 tentatum
593 3778 649 3841 per
667 3750 768 3822 omnia
783 3762 1048 3845 absquepeecato.
1077 3799 1118 3812 -
1141 3763 1182 3826 In
1200 3772 1297 3827 auxt-

299 3855 354 3917 Ιιό.
368 3854 379 3940 ]
394 3855 553 3919 Auxilium
562 3857 623 3922 Dei
634 3878 754 3941 semper
766 3868 815 3924 est
825 3870 1045 3944 opportunum;
1063 3862 1135 3946 quia
1145 3863 1178 3926 in
1191 3876 1296 3928 neces

301 3955 442 4020 sitatibus
456 3958 613 4032 subvenit;
631 3959 710 4022 sicut
725 3959 757 4022 in
771 3960 895 4025 Psalmo
912 3986 918 4024 :
936 3963 1078 4049 Adjutor
1092 3970 1126 4025 in
1142 3976 1294 4050 opportu-

302 4054 473 4133 nitatibus,
492 4062 524 4117 iu
538 4056 748 4120 tribulatione.
