3184 5442
416 721 503 762 irene
527 720 566 761 nn
590 719 725 760 conpone.
750 718 788 760 nr
812 719 902 760 senc.
931 719 1051 759 nomm.
1170 698 1233 759 159

235 864 277 927 sit
291 861 425 945 liquido,
445 866 477 923 et
494 858 639 930 humida,
657 857 782 920 cristalli
798 878 871 921 vero
886 866 997 921 natura
1012 856 1126 921 existat
1137 860 1231 933 dura,

226 972 269 1028 ‚et
293 963 385 1027 sicca.
413 961 463 1024 Ac
487 981 543 1043 per
563 959 621 1021 hoc
646 979 716 1022 cum
742 965 808 1021 tam
833 958 961 1021 diversae
987 965 1104 1022 naturae
1125 960 1236 1023 sintin

236 1062 373 1145 utrisque
387 1082 446 1124 non
463 1068 545 1124 recte
557 1058 626 1142 quis
643 1057 811 1121 cristallum
823 1057 925 1120 nivem
938 1058 1095 1121 vocaverit
1107 1082 1114 1133 ;
1130 1058 1190 1123 nisi
1200 1079 1237 1123 eo

236 1160 396 1227 locutionis
419 1159 527 1234 modo,
554 1179 615 1242 quo
640 1178 688 1221 res
712 1156 820 1221 effecta
840 1157 990 1220 materiali
1014 1158 1092 1220 solet
1116 1159 1237 1222 nomine

238 1261 396 1348 appellari.
416 1263 458 1325 Et
474 1260 602 1345 Creator
617 1279 656 1321 ex
672 1267 753 1322 terra
767 1264 870 1322 creato
884 1257 983 1340 primo
995 1257 1110 1319 homini
1125 1259 1157 1321 in
1170 1259 1237 1323 Ge·

238 1363 304 1427 nesi
322 1361 414 1426 dicit:
435 1391 447 1413 u
465 1361 628 1434 Terram,
644 1365 675 1422 et
692 1357 850 1421 interram
866 1358 934 1422 ibis.
958 1390 971 1413 n
991 1359 1086 1436 Quasi
1099 1359 1233 1424 diceret:

239 1459 320 1540 Quia
334 1458 434 1523 factus
449 1477 483 1519 es
497 1478 536 1519 ex
551 1466 653 1529 terra,
669 1455 853 1538 quandoque
868 1455 923 1518 fies
937 1462 1019 1519 terra
1035 1506 1041 1530 ,
1057 1463 1089 1520 et
1102 1465 1238 1522 reverte-

240 1560 281 1624 ris
295 1560 465 1623 interram.

284 1661 522 1732 Verumtamen,
538 1664 573 1719 ut
593 1655 674 1730 dixi,
692 1656 748 1718 has
774 1656 944 1719 sententias
965 1677 1055 1721 nemo
1075 1657 1240 1723 catholicus

240 1760 364 1844 recipit,
380 1757 545 1823 christiana
560 1777 613 1819 eas
631 1755 735 1838 religio
755 1776 817 1817 non
836 1755 982 1818 admittit.
1002 1757 1086 1819 Nam
1107 1759 1239 1840 priorem

242 1873 327 1924 tuam
352 1880 419 1922 esse
442 1863 580 1931 tantum,
607 1863 727 1938 tuaeque
752 1861 864 1928 sectae,
894 1876 984 1917 nemo
1008 1856 1061 1938 qui
1088 1858 1236 1942 ambigat.

242 1959 447 2027 Posteriorem
459 1978 532 2020 vero
542 1977 640 2039 neque
656 1965 690 2019 tu
702 1955 828 2038 recipiS‚
845 1955 896 2038 qui
910 1956 1024 2030 carniS,
1040 1978 1076 2021 ac
1087 1959 1242 2041 sanguinis

242 2067 369 2144 negator
390 2057 516 2129 existis
537 2076 635 2138 neque
650 2076 707 2118 nos
727 2054 779 2137 qui
798 2054 842 2118 sic
858 2063 1020 2138 utrumque
1035 2055 1186 2121 latemur:
1204 2067 1239 2122 ut

243 2168 346 2222 tamen
366 2157 530 2220 multarum
546 2208 552 2230 ‚
574 2165 607 2220 et
622 2156 812 2220 excelsarum
832 2146 932 2219 rerum
947 2157 1074 2239 figuram
1086 2179 1123 2220 ac
1135 2178 1236 2222 sacra-

244 2264 379 2321 mentum
396 2277 481 2335 esse,
499 2255 623 2319 minime
637 2257 833 2341 abnegemus.
855 2256 949 2319 Porro
968 2257 1132 2322 similitudo
1147 2278 1239 2340 quum

243 2359 281 2420 de
301 2357 435 2421 Domino
452 2357 528 2420 Jcsu
547 2355 685 2431 Christo,
706 2365 738 2420 et
754 2355 856 2440 lapide
879 2357 1017 2440 angulari
1040 2358 1189 2441 posuisti,
1210 2368 1243 2421 te
1327 2378 1330 2384 ·

244 2456 390 2540 impedit,
414 2478 470 2520 nos
496 2455 630 2540 expedit.
656 2456 743 2520 Sicut
759 2457 846 2520 enim
865 2460 917 2540 qui
937 2458 1025 2522 dicit:
1044 2457 1183 2522 Christus
1196 2465 1244 2522 est

244 2557 321 2641 lapis
336 2557 488 2641 angularis
503 2608 509 2631 ,
524 2578 585 2620 non
606 2577 713 2621 revera
727 2557 883 2622 Christum
901 2559 1032 2643 lapidem
1044 2581 1111 2623 esse
1128 2558 1242 2624 consti-

246 2658 325 2737 tuit,
349 2657 403 2721 sed
429 2666 554 2741 propter
576 2657 710 2740 aliquam
737 2658 991 2736 similitudinem,
1020 2681 1113 2744 quam
1140 2661 1180 2724 ad
1209 2682 1244 2723 se

245 2758 375 2822 invicem
404 2765 536 2843 gerunt,
559 2758 587 2821 ei
615 2780 725 2821 nomen
748 2759 898 2842 imponit;
923 2761 1030 2823 eodem
1058 2761 1148 2823 modo
1174 2781 1242 2823 cum

245 2859 348 2923 divino
364 2860 477 2944 pagina
501 2881 610 2944 corpus
632 2861 757 2925 Domini
782 2883 893 2945 panem
916 2873 1028 2934 vocat,
1054 2869 1192 2933 sacrata,
1208 2880 1244 2922 ac

246 2958 377 3044 mystica
393 2959 543 3024 locutione
555 2960 587 3022 id
601 2960 666 3046 agit
680 2983 686 3032 ;
704 2981 758 3024 seu
771 2961 916 3044 quoniam
930 2981 970 3023 ex
981 2981 1061 3043 pane
1072 2959 1241 3031 conficitur,

248 3060 371 3144 ejusque
381 3060 659 3125 nonnullasretinet
667 3060 907 3143 qualitates,seu
917 3059 1245 3142 quiaanimamincom-

247 3159 484 3242 prehensibiliter
501 3161 655 3242 pascendo
667 3160 770 3236 satiat,
782 3159 871 3242 eique
883 3173 1002 3222 aetemae
1017 3159 1089 3222 vitae
1100 3160 1242 3222 substan-

248 3258 323 3323 tium
342 3259 551 3337 subministrat
579 3261 638 3323 Vel
659 3261 740 3343 quod
763 3280 873 3342 corpus
894 3267 941 3323 est
963 3259 1015 3322 filii
1035 3259 1110 3334 Dei,
1130 3259 1181 3342 qui
1197 3268 1245 3322 est

249 3359 336 3442 panis
347 3361 548 3445 Angelorum,
561 3392 574 3413 a
584 3369 615 3424 et
631 3362 661 3424 in
674 3382 764 3445 quem
776 3361 868 3447 (sicut
877 3360 921 3424 ait
929 3361 1070 3445 princeps
1080 3358 1246 3443 Apostolo

250 3481 315 3524 rum
326 3459 333 3544 l
344 3461 517 3525 desiderant
526 3461 639 3546 Angeli
648 3462 821 3545 prospicere
837 3493 850 3516 »
864 3485 871 3536 ;
883 3481 937 3524 seu
948 3460 1051 3544 aliquo
1064 3460 1123 3524 alio
1134 3460 1241 3536 modo,

181 3647 186 3652 ι
253 3560 303 3642 qui
318 3581 337 3623 a
351 3560 534 3624 doctioribus
548 3561 763 3645 comprehendi
784 3569 906 3644 potest,
923 3582 942 3623 a
957 3561 1045 3624 nobis
1055 3582 1115 3624 non
1130 3568 1242 3644 potest.

281 3878 330 3940 .r.
356 3879 497 3942 Benene.
530 3911 541 3930 ··
569 3880 639 3943 Non
671 3879 751 3942 enim
780 3887 921 3943 constare
946 3879 1058 3963 poterit
1088 3878 1249 3942 affirmatio

254 3977 364 4052 omnis,
383 3989 469 4061 parte
483 3982 624 4051 subruta;
641 3987 673 4042 et
690 3980 745 4043 hoc
756 3981 836 4043 sicut
850 3979 923 4043 dicit
937 3982 1044 4043 beatus
1058 3979 1251 4063 Augustinus

254 4076 284 4138 in
298 4077 374 4140 libro
390 4077 588 4163 de'Doctrina
600 4078 780 4152 christiana;
795 4078 826 4140 in
838 4079 906 4161 ipsa
916 4078 1095 4142 aetemitatis
1106 4079 1246 4152 veritate,

256 4196 324 4258 quoe
334 4177 419 4241 Deus
430 4186 489 4257 est,
503 4177 747 4242 indissolubiliter
758 4185 887 4242 constat.
906 4210 918 4230 „
934 4248 939 4256 ‚

301 4277 422 4340 Lnurn.
449 4278 576 4342 Relictis
607 4279 700 4342 sacris
729 4277 959 4341 auctoritatibus
990 4279 1029 4341 ad
1063 4278 1250 4341 dialecticam
