3184 5442
549 780 757 822 ELUCIDARIUM
785 780 855 823 SIVE
879 782 1037 822 DlALOGUS.
1228 761 1294 823 263

338 917 394 978 24.
425 918 472 978 De
485 916 643 1003 frequenti
655 917 715 978 eibi
727 918 920 1005 indigentia,
936 933 966 980 et
978 928 1055 981 oitoe
1067 930 1209 986 territura.

326 1017 379 1101 ¹D.
397 1016 460 1080 Cur
474 1018 560 1080 Deus
574 1039 633 1079 non
653 1019 802 1082 concessit
815 1019 930 1081 homini
945 1027 980 1082 ut
998 1029 1120 1102 sumpto
1141 1021 1208 1083 cibo
1228 1024 1290 1084 sal·
1351 1008 1356 1016 ¹

294 1124 357 1177 tem
374 1137 430 1198 per
445 1116 647 1198 septimanam
663 1124 768 1198 posset
783 1138 886 1180 carere
901 1117 971 1179 illut
990 1154 1032 1164 —
1046 1120 1092 1180 M.
1115 1121 1228 1182 Fames
1248 1133 1295 1183 est

293 1236 356 1277 una
368 1217 407 1278 de
421 1215 518 1298 poenis
530 1216 657 1299 peccati.
673 1217 778 1278 Homo
792 1217 837 1280 sic
851 1227 971 1281 creatus
986 1228 1064 1292 erat,
1081 1226 1127 1292 ut,
1144 1219 1169 1280 si
1187 1221 1292 1294 vellet,

294 1315 359 1378 sine
379 1315 482 1379 labore
499 1315 618 1379 viveret
635 1317 753 1378 beatus.
777 1316 947 1398 Postquam
968 1323 1072 1379 autern
1092 1317 1218 1393 cecidit,
1236 1341 1294 1383 non

294 1414 350 1476 nisi
365 1436 419 1497 per
433 1416 568 1478 laborem
584 1415 682 1485 redire
697 1415 809 1498 potuit.
836 1416 897 1494 Qui
918 1416 945 1478 si
965 1415 1096 1489 famem,
1118 1417 1166 1478 vel
1181 1417 1293 1503 smguS,

293 1517 342 1579 vel
359 1525 472 1579 caetera
485 1515 679 1578 incommoda
693 1535 754 1577 non
770 1515 949 1601 sustineret,
968 1516 1106 1578 laborare
1124 1517 1219 1580 nollet
1235 1542 1242 1591 ;
1262 1530 1293 1581 et

294 1615 337 1678 sic
346 1635 466 1698 semper
476 1614 605 1677 extorris
620 1634 742 1697 aregno
758 1624 905 1678 maneret.
925 1614 1038 1677 indidit
1050 1636 1122 1698 ergo
1137 1616 1165 1677 ei
1181 1614 1294 1680 famem

292 1715 390 1789 Daue,
402 1721 438 1778 ut
449 1714 506 1777 hac
517 1713 699 1776 necessitate
709 1720 832 1776 coactus
843 1713 971 1785 laboret,
987 1721 1018 1775 et
1029 1713 1124 1775 etiam
1136 1713 1194 1777 hac
1209 1735 1295 1778 occa-

293 1812 378 1876 sione
391 1813 489 1876 redire
504 1819 607 1896 queat.
625 1813 669 1875 Et
681 1812 739 1875 hoc
758 1820 877 1876 tantum
893 1812 931 1874 de
949 1811 1055 1874 electis
1071 1811 1175 1894 accipe
1194 1864 1200 1886 ,
1220 1834 1291 1876 nam

293 1912 432 1995 reprobis
443 1912 545 1975 omnia
559 1913 598 1974 ad
612 1932 735 1994 poenam
749 1910 875 1975 faciunt.

338 2012 380 2074 D.
399 2014 456 2075 Est
475 2010 590 2074 homini
610 2011 757 2073 terminus
777 2010 849 2073 vitae
867 2009 1070 2092 praestitutum
1096 2021 1127 2074 et
1148 2013 1174 2075 si
1192 2023 1294 2096 potest

293 2109 373 2174 hunc
404 2113 550 2175 excedere
579 2110 728 2185 vivendo,
762 2111 810 2173 vel
842 2110 1008 2192 praevenire
1040 2111 1214 2176 moriendot
1249 2152 1291 2162 —

294 2209 339 2271 M.
365 2211 535 2294 Unicuique
550 2218 700 2273 statutum
714 2218 762 2273 est
779 2230 799 2273 a
814 2211 881 2273 Deo
896 2209 1040 2292 quamdiu
1059 2210 1165 2273 vivere
1184 2212 1295 2275 debeat

294 2308 326 2370 in
341 2309 397 2374 hoo
412 2311 521 2374 saeculo
539 2334 545 2371 ε
564 2309 644 2373 ultra
662 2330 753 2393 quem
768 2310 931 2372 terminum
946 2310 1037 2372 homo
1053 2331 1115 2372 non
1128 2320 1231 2392 potest
1245 2312 1293 2373 vi-

294 2429 376 2484 vere,
390 2410 438 2472 vel
449 2430 544 2472 unum
559 2417 759 2482 momentum,
776 2420 811 2472 ut
825 2409 935 2473 dicitur
954 2433 961 2471 :
980 2440 993 2461 u
1012 2408 1207 2474 Constituisti
1223 2422 1289 2475 ter-

295 2508 393 2570 minos
410 2510 493 2594 ejus,
518 2508 570 2591 qui
595 2508 742 2589 praeteriri
762 2530 823 2570 non
844 2516 1001 2591 poterunt.
1028 2540 1040 2562 n
1064 2510 1172 2573 Potest
1192 2523 1293 2575 autem

295 2608 399 2671 multis
408 2609 507 2671 modis
521 2607 707 2681 antevenire,
722 2607 788 2669 sive
800 2607 832 2669 in
842 2629 928 2671 arma
940 2609 988 2671 vel
999 2609 1031 2671 in
1043 2611 1157 2674 bestias
1167 2614 1290 2684 ruendo,

295 2727 349 2770 seu
360 2728 477 2770 veneno
489 2708 538 2770 vel
552 2707 662 2790 laqueo
674 2706 770 2770 vitam
786 2709 1009 2790 extorquendo,
1024 2717 1080 2772 aut
1096 2708 1229 2773 flammis
1243 2713 1292 2775 vel

296 2805 386 2868 undis
401 2807 580 2884 insiliendo,
596 2807 676 2869 sicut
698 2805 901 2869 mercenarius
919 2808 1022 2889 pravis
1042 2811 1175 2871 moribus
1191 2818 1294 2892 potest

297 2904 426 2980 efficere,
441 2913 547 2969 utnon
559 2906 658 2968 solum
672 2905 813 2968 mercede
827 2905 973 2988 privetur,
994 2926 1099 2970 verum
1114 2907 1207 2970 etiam
1221 2918 1292 2973 ante

245 3000 249 3005 ’
296 3004 452 3068 conditum
467 3014 588 3087 tempus
603 3004 782 3087 expellatur.

340 3105 382 3166 D.
402 3105 514 3168 Proba.
530 3140 570 3152 -
586 3105 632 3168 M.
650 3106 736 3167 Deus
752 3105 859 3167 eduxit
874 3104 953 3167 filios
969 3105 1062 3168 Israel
1080 3106 1119 3168 de
1134 3107 1288 3191 AEgypto,

295 3211 331 3266 nt
345 3203 432 3267 daret
446 3204 490 3267 eis
505 3211 618 3267 terram
635 3203 893 3286 repromissionis,
915 3226 1009 3287 quam
1027 3213 1152 3288 propter
1165 3216 1293 3288 peccata

296 3323 354 3365 non
369 3310 440 3367 sunt
453 3303 573 3386 adepta
594 3304 649 3367 sed
667 3312 832 3385 antequam
846 3303 915 3365 illuc
931 3303 1081 3380 venirent,
1100 3306 1216 3368 suntin
1233 3307 1289 3368 de-

295 3409 377 3464 serto
388 3403 545 3485 prostrati.
833 3412 841 3419 ”

339 3695 393 3759 25.
422 3697 470 3758 De
477 3699 570 3781 justo
586 3721 708 3760 reorum
725 3721 812 3776 nece,
829 3712 859 3761 et
878 3698 917 3760 de
934 3721 1040 3760 eorum
1056 3698 1159 3761 solute
1171 3720 1183 3777 ;
1195 3698 1295 3784 deque

291 3818 459 3879 puerorum
470 3796 659 3883 disciplino;
672 3798 711 3859 de
722 3800 811 3860 Area
821 3811 851 3860 et
861 3797 900 3859 de
909 3797 1086 3883 Prophetis.

339 3896 380 3958 D.
395 3897 507 3960 Peccat
514 3899 620 3982 judex,
629 3898 656 3961 si
665 3918 732 3961 reos
743 3898 847 3980 puniti
862 3932 902 3944 -
915 3896 963 3961 M.
977 3897 1043 3960 Irno
1059 3904 1178 3980 peccat,
1194 3897 1291 3960 sinon

292 3994 398 4074 punit:
417 3994 530 4058 vindex
545 4005 593 4060 est
608 3998 688 4060 enim
702 3998 753 4060 irae
768 3994 828 4063 Dei
843 3997 875 4059 in
888 3998 947 4061 hoc
961 3997 1061 4080 ipsum
1074 3996 1266 4060 constitutus.

337 4093 379 4156 D.
397 4093 531 4158 Peccant
542 4095 683 4171 ministri,
696 4096 748 4179 qui
762 4096 944 4182 ajudicibus
949 4098 1028 4181 jussi
1038 4096 1191 4159 damnatis
1204 4117 1287 4159 rnor-

293 4191 333 4254 tis
347 4194 527 4276 supplicium
541 4193 689 4259 inferunt?
710 4232 755 4245 -
770 4197 817 4259 M.
837 4196 984 4267 Minime;
1000 4197 1054 4259 sed
1068 4196 1172 4278 potius
1186 4196 1291 4259 lavant

295 4314 402 4357 munus
416 4315 487 4358 suas
501 4294 531 4356 in
546 4296 693 4379 sanguine
705 4294 885 4378 peccatoris
