3184 5442
366 748 457 791 mann
480 748 519 789 nn
540 746 677 789 connonn
700 746 738 789 ΕΤ
761 747 852 788 sinn.
879 748 1002 790 DOM1N1.
1120 729 1184 794 199

188 887 249 949 fide
260 891 366 948 nostra
374 905 446 948 vere
457 905 527 949 caro
539 891 597 959 est,
610 891 642 948 et
652 905 723 948 vere
733 885 859 968 sanguis
869 892 927 960 est,
942 893 975 948 et
987 886 1051 949 haec
1060 896 1186 970 accepta

188 997 282 1069 atque
297 985 408 1049 hausta
422 986 455 1048 id
473 985 624 1060 efficiunt,
640 992 675 1049 ut
695 1006 751 1048 nos
766 985 798 1047 in
819 984 942 1048 Christo
958 992 989 1048 et
1003 985 1143 1050 Christus
1154 987 1184 1048 in

188 1086 276 1150 nobis
287 1085 337 1149 sit.
350 1086 443 1150 Anne
451 1085 508 1149 hoc
519 1085 635 1148 veritas
646 1107 707 1148 non
718 1085 782 1148 enti
797 1084 964 1169 Contingat
975 1086 1066 1169 plane
1077 1086 1124 1149 his
1134 1107 1186 1149 vn

188 1207 256 1249 rum
270 1206 331 1248 non
346 1205 413 1249 aese
425 1185 477 1268 qui
493 1184 649 1249 Christum
665 1186 773 1248 Jesum
784 1205 890 1247 verum
905 1206 973 1249 esse
984 1185 1085 1249 Deum
1098 1186 1188 1248 dene-

185 1292 275 1371 ¹gant.
289 1286 349 1349 Est
357 1306 430 1369 ergo
445 1285 477 1347 in
486 1284 574 1347 nobis
584 1284 651 1367 ipse
666 1284 831 1347 secundum
843 1305 982 1357 carnem,
996 1291 1029 1348 et
1040 1306 1145 1348 sumus
1154 1285 1186 1347 in

189 1407 226 1448 eo
249 1385 322 1448 dum
339 1385 506 1449 secundum
529 1385 611 1466 quod
629 1404 685 1446 nos
707 1404 813 1446 sumus
833 1384 865 1446 in
885 1405 922 1448 eo
943 1393 1000 1448 est.
1019 1386 1097 1449 Haeo
1114 1385 1186 1449 vitae

189 1492 302 1548 nostrae
324 1505 418 1549 causa
443 1491 511 1547 est:
530 1484 620 1566 ‚quod
646 1483 677 1545 in
703 1482 791 1546 nobis
819 1485 990 1548 carnalibus
1012 1493 1186 1548 manentem

190 1585 347 1650 Christum
361 1605 417 1668 per
437 1604 559 1648 carnem
574 1584 721 1646 habemus
739 1583 865 1647 victuris
878 1585 966 1648 nobis
983 1605 1040 1668 pei·
1056 1606 1125 1648 eum
1147 1606 1187 1648 ex

189 1685 361 1751 conditione
373 1705 435 1768 qua
445 1683 524 1747 vivit
535 1683 586 1746 ille
598 1703 653 1766 per
663 1683 801 1746 Patrem.
815 1683 849 1746 Si
860 1704 933 1767 ergo
944 1685 1124 1748 naturaliter
1131 1707 1188 1748 nos

189 1786 355 1850 secundum
365 1805 488 1848 carnem
503 1804 559 1866 per
574 1804 643 1846 eum
652 1781 796 1859 vivimuS,
813 1783 845 1845 id
860 1791 908 1846 est
918 1784 1018 1847 carnis
1029 1806 1085 1848 sua
1095 1793 1187 1848 natu-

189 1907 256 1949 ram
265 1885 381 1969 adepti,
395 1884 548 1968 quomodo
560 1904 622 1947 non
636 1883 815 1946 naturaliter
828 1885 993 1946 secundum
1004 1884 1143 1967 spiritum
1155 1887 1186 1949 in

188 2007 223 2050 se
232 1987 359 2050 Patrem
370 1985 482 2049 habeat
497 2005 590 2068 quum
605 1983 690 2046 vivat
705 1983 771 2067 ipse
786 2004 842 2065 per
856 1984 998 2047 Patrem?
1013 1983 1025 2069 ]
1137 1991 1141 1997 '
