3184 5442
556 640 763 682 sacerrimum
786 642 854 684 swa
877 645 1032 688 urauooos.
1222 634 1286 697 211

293 781 405 844 Graece
418 777 559 842 dicuntur
581 778 712 854 anatole,
733 779 831 864 dysis,
855 789 971 856 arctos,
997 789 1201 854 mesembria:
1219 796 1290 874 quia

293 901 391 965 genus
403 899 493 943 suum
505 884 637 962 quatuor
645 883 749 961 partes
763 879 869 942 mundi
880 879 1076 964 impleturum
1090 894 1166 952 erat,
1186 891 1222 952 In
1234 893 1290 957 1100
1306 950 1309 955 ,

295 980 390 1044 etiam
405 977 633 1043 similitudinem
647 978 707 1042 Dei
719 978 844 1043 habuit:
864 988 897 1044 ut
910 981 989 1047 sicut
1003 984 1089 1048 Deus
1099 995 1209 1068 praeest
1220 1011 1288 1053 om-

295 1080 385 1143 nibus
395 1079 427 1141 in
436 1078 527 1151 coelo;
546 1078 590 1141 sic
602 1077 741 1140 omnibus
755 1077 845 1141 homo
856 1089 1001 1162 praeesset
1010 1083 1041 1145 in
1052 1093 1144 1150 terra.

343 1435 398 1498 12.
424 1434 472 1496 Dc
481 1432 671 1495 animalibus
682 1433 728 1494 ad
736 1433 870 1496 bominis
882 1434 994 1498 bonum
1008 1439 1154 1502 conditis.

340 1537 381 1600 D.
408 1534 471 1599 Cur
485 1532 601 1598 creavit
619 1534 705 1596 Deus
724 1534 883 1610 animalia,
905 1556 975 1599 cum
995 1537 1041 1600 his
1060 1559 1122 1602 non
1139 1541 1290 1626 indigeret

296 1634 403 1698 homol
420 1633 517 1696 -Μ,
535 1631 692 1695 Praescivit
706 1651 776 1694 eum
787 1633 873 1695 Deus
883 1642 1089 1716 peccaturum,
1111 1639 1204 1703 ethis
1220 1663 1289 1705 om·

296 1735 387 1799 nibus
406 1733 614 1817 indigiturum.
1375 1727 1378 1732 ’

341 1835 383 1898 D.
409 1833 472 1898 Cur
483 1832 599 1897 creavit
611 1833 698 1896 Deus
711 1852 832 1895 muscas
846 1840 879 1895 et
893 1832 1013 1910 culices,
1027 1841 1059 1898 et
1070 1835 1130 1898 alia
1142 1857 1209 1919 quae
1220 1832 1292 1904 sunt

296 1934 411 2000 homini
429 1931 554 1996 nocival
579 1967 619 1979 -
638 1931 686 1996 M.
696 1932 837 2003 ‚Tantam
856 1931 1044 2016 diligentiam
1059 1925 1199 1999 exhibuit
1207 1938 1292 2002 Deus

296 2035 328 2099 in
347 2033 460 2098 muscis
477 2039 510 2094 et
526 2028 678 2105 formicis,
699 2038 732 2093 et
743 2029 887 2094 culicibus
903 2028 1085 2105 formandis,
1103 2043 1249 2116 quantam
1262 2037 1294 2099 in

299 2135 376 2200 aliis.
936 2184 939 2190 .

341 2235 383 2299 D.
410 2233 464 2298 Ad
479 2233 553 2317 quid
567 2231 657 2297 talial
672 2266 712 2278 —
726 2230 772 2294 M.
791 2230 905 2294 Omnia
920 2233 960 2294 ad
973 2231 1094 2295 laudem
1104 2234 1207 2319 gloriae
1218 2256 1291 2300 suae.

296 2333 413 2399 Musca
428 2333 550 2418 quidem
566 2339 598 2396 et
612 2330 738 2405 crdices,
753 2338 785 2393 et
795 2330 844 2394 his
855 2330 965 2395 similia
984 2340 1109 2415 propter
1122 2337 1295 2418 superbiam

296 2433 428 2497 hominis
443 2439 515 2496 sunt
528 2430 650 2496 condita
665 2453 671 2491 :
689 2438 725 2494 ut
740 2450 810 2493 cum
833 2451 902 2493 eum
924 2440 1079 2515 pungunt,
1097 2434 1172 2517 quid
1187 2435 1229 2499 sit
1242 2456 1294 2500 co-

295 2534 376 2618 gitet
393 2532 445 2617 qui
463 2552 520 2595 nec
543 2528 717 2594 vermiculis
737 2527 863 2592 minutis
885 2529 1025 2594 resistere
1043 2532 1135 2597 valet.
1153 2535 1244 2598 Unde
1262 2546 1295 2600 et

295 2632 489 2697 Pharaonem
502 2651 563 2694 non
578 2628 657 2704 ursi,
675 2648 736 2690 non
750 2628 854 2691 leones
865 2636 1082 2705 vastaverunt,
1098 2633 1153 2694 sed
1164 2635 1291 2709 culices,

297 2754 430 2809 muscae,
447 2739 479 2796 et
489 2731 626 2814 ciniphes
646 2726 828 2792 afflixerunt.
848 2728 996 2793 Fonnicae
1010 2736 1111 2793 autem
1123 2731 1213 2837 ,sive
1228 2754 1294 2796 ara-

296 2854 383 2908 neae,
400 2832 449 2896 vel
464 2830 538 2895 talia
552 2849 621 2913 quae
639 2829 755 2892 instant
776 2828 936 2911 operibus,
951 2829 1021 2891 ideo
1035 2838 1107 2894 sunt
1122 2837 1241 2904 creata,
1259 2840 1294 2896 ut

297 2933 336 2996 de
345 2933 392 2996 eis
402 2930 495 2996 studii
507 2938 539 2994 et
550 2928 593 3012 pii
604 2927 717 2991 laboris
733 2927 875 3010 exempla
883 2948 1051 2991 sumamus
1068 2928 1177 2992 Omnis
1189 2929 1294 3013 itaque
1334 2980 1339 2986 .

296 3032 357 3096 Dei
368 3030 480 3096 creatio
498 3026 701 3094 consideranti
715 3047 828 3112 magna
836 3032 885 3089 est
896 3026 1076 3102 delectatio,
1095 3027 1169 3090 dum
1182 3027 1214 3090 in
1224 3031 1294 3112 qui·

297 3131 427 3196 busdam
438 3130 479 3195 sit
495 3130 597 3203 decor,
611 3136 648 3192 ut
660 3127 692 3190 in
704 3123 847 3198 floribus;
863 3125 895 3188 in
910 3125 1060 3209 aliquibus
1076 3127 1226 3192 medicina
1238 3181 1245 3203 ‚
1261 3138 1296 3193 ut

297 3233 330 3295 in
343 3230 461 3304 herbis;
476 3228 508 3292 in
523 3227 703 3312 quibusdam
723 3234 847 3309 postue,
864 3232 899 3289 ut
913 3225 946 3287 in
955 3223 1091 3309 frugibus
1102 3250 1109 3300 ;
1122 3227 1154 3290 in
1169 3228 1293 3311 quibus·

295 3331 369 3394 dam
392 3326 590 3414 significatio,
611 3325 698 3390 utin
718 3325 874 3390 vermibus
889 3332 922 3389 et
937 3324 1053 3388 avibus.
1074 3326 1186 3390 Omnia
1205 3327 1297 3410 igitur
1404 3347 1407 3353 ’

298 3437 371 3493 sunt
380 3430 479 3503 bona,
492 3434 524 3490 et
536 3433 662 3510 propter
672 3425 825 3488 hominem
838 3432 952 3488 creata.

347 3783 401 3848 13.
426 3785 476 3847 Dc
495 3780 652 3846 Paradiso
673 3791 705 3844 in
728 3805 789 3869 quo
805 3782 897 3867 lromo
914 3805 937 3844 a
952 3783 1021 3846 Deo
1041 3783 1163 3847 locotus
1178 3799 1249 3862 est,
1266 3801 1297 3848 et

297 3883 439 3965 firmenta
453 3883 566 3946 mulier
576 3906 588 3945 .·
601 3896 631 3945 et
642 3905 700 3945 cur
713 3895 843 3970 uterque
848 3882 1035 3967 peccabilis.
1381 3937 1384 3943 .

343 3984 387 4048 D.
404 3983 466 4048 Ubi
478 3983 582 4047 Adam
592 3990 640 4046 est
654 3982 789 4046 creatusl
808 4018 848 4030 -
861 3983 908 4046 M.
925 3983 960 4044 In
976 3983 1120 4058 Hebron,
1133 3982 1188 4047 ubi
1201 3983 1294 4047 etiam

298 4092 370 4166 post
383 4090 521 4148 mortuus
535 4089 583 4146 est
594 4092 627 4145 et
639 4081 777 4164 sepultus
791 4104 798 4143 ε
817 4087 849 4144 et
862 4080 980 4163 positus
995 4083 1084 4144 estin
1098 4081 1258 4145 Paradiso.

344 4183 385 4246 D.
403 4183 485 4262 Quid
501 4190 547 4246 est
558 4182 722 4245 Paradisus
735 4234 740 4254 ‚
755 4181 804 4242 vel
819 4181 869 4243 ubi
885 4181 953 4244 estl
970 4217 1008 4228 -
1025 4182 1060 4244 M
1066 4231 1071 4242 .
1087 4181 1187 4244 Locus
1201 4201 1294 4243 amoe-

1147 4287 1188 4332 1⁴.
