3184 5442
547 745 752 787 niucionniun
777 746 845 787 sive
870 746 1028 789 oincocus.
1220 728 1287 791 219

339 885 392 949 18.
422 885 486 949 Cur
500 884 634 948 Verbum
645 894 687 948 sit
699 893 919 965 incarnatum,
938 898 1023 948 etex
1043 884 1192 970 Virgine,
1209 896 1288 950 etin

297 990 445 1072 temporib
454 985 661 1073 plenitudine.

337 1087 380 1151 D.
405 1086 590 1150 Benedictus
599 1105 699 1149 sermo
711 1085 772 1148 oris
785 1083 848 1157 tui,
867 1083 919 1166 qui
934 1084 972 1147 de
983 1083 1151 1149 coelismihi
1162 1084 1289 1150 deduxit

294 1185 389 1249 filium
403 1186 474 1250 Dei.
497 1186 562 1250 Sed
576 1185 625 1249 dic
639 1185 714 1248 mihi
732 1205 785 1248 cur
801 1183 897 1248 Filius
915 1184 955 1248 sit
970 1183 1161 1257 incarnatus
1179 1190 1211 1246 et
1228 1205 1289 1247 non

294 1286 405 1362 Pater,
422 1307 478 1350 nec
493 1285 626 1368 Spiritus
638 1284 780 1348 sanctusl
802 1319 841 1332 -
857 1284 903 1348 M.
921 1283 955 1348 Si
968 1285 1078 1358 Pater,
1093 1291 1147 1348 aut
1158 1282 1290 1366 Spiritus

295 1393 418 1454 sanctus
428 1385 652 1458 incamaretur;
667 1385 728 1447 duo
738 1383 808 1447 Filii
819 1383 851 1446 in
861 1383 1012 1447 Trinitate
1021 1391 1286 1467 computarentur:

295 1505 374 1547 unus
387 1484 483 1549 Filius
493 1484 641 1568 Virginis,
659 1486 710 1567 qui
724 1491 806 1548 esset
820 1483 1011 1563 incarnatus3
1022 1484 1099 1548 alter
1110 1483 1206 1548 Filius
1216 1484 1287 1547 Dei.

295 1584 338 1647 Et
353 1584 413 1646 alia
426 1604 519 1647 causa
532 1594 610 1647 erat.
624 1583 721 1647 Filius
738 1589 785 1646 est
801 1583 968 1646 similitudo
981 1584 1042 1647 Dei
1057 1607 1063 1644 :
1079 1583 1218 1668 Angelus
1233 1603 1289 1646 au·

296 1693 359 1747 tem
375 1693 406 1746 et
419 1683 510 1747 homo
528 1690 758 1765 assumpserant
773 1681 831 1744 sibi
846 1663 1077 1746 similitudinem
1091 1682 1161 1747 Dei.
1177 1682 1292 1747 Debuit

295 1803 367 1866 ergo
385 1782 435 1846 ille
451 1782 618 1856 incarnari,
635 1783 683 1846 cui
697 1781 871 1864 specialiter
886 1782 998 1868 injuria
1017 1781 1099 1846 facta
1117 1780 1217 1846 fuerat
1231 1804 1239 1844 :
1256 1792 1292 1845 ut

295 1880 388 1944 istum
403 1882 635 1957 misericorditer
650 1883 795 1955 salvaret,
813 1882 899 1945 illum
910 1883 993 1967 juste
1004 1884 1175 1946 damnaret.
1195 1879 1291 1944 Aliud

249 2058 254 2063 Ι
296 1981 388 2044 etiam
405 2005 411 2043 :
426 1983 506 2059 Quia
517 1983 618 2046 omnia
628 2003 683 2066 per
697 1982 820 2055 Filium,
833 1982 902 2045 ideo
913 1989 944 2046 et
955 1981 1125 2064 redemptio
1138 2002 1194 2064 per
1204 2001 1285 2044 eum.

341 2081 382 2144 D.
409 2080 473 2146 Cur
486 2081 583 2145 voluit
596 2082 681 2145 nasci
694 2083 734 2144 de
748 2080 891 2165 Virginel
909 2117 951 2128 -
967 2083 1012 2145 M.
1037 2081 1177 2160 Quatuor
1196 2079 1294 2143 modis

296 2177 371 2243 facit
383 2179 470 2243 Deus
480 2179 629 2244 homines.
642 2180 713 2244 Uno
728 2180 820 2242 modo
834 2180 951 2262 absque
962 2186 1050 2263 patre
1064 2188 1097 2244 et
1108 2185 1205 2243 matre
1218 2202 1225 2254 ;
1240 2179 1293 2242 sed

297 2279 337 2341 de
348 2284 446 2354 terra,
461 2288 495 2344 ut
507 2279 610 2343 Adam
623 2302 630 2340 :
642 2279 784 2343 Secundo
799 2279 890 2357 modo
908 2279 947 2342 de
961 2280 1027 2342 solo
1036 2280 1119 2354 viro,
1134 2285 1168 2343 ut
1179 2280 1291 2342 Evam.

296 2377 401 2442 Tertio
416 2379 511 2442 modo
525 2379 563 2442 de
574 2379 641 2443 viro
654 2393 686 2442 et
699 2377 835 2458 foemina,
847 2387 882 2441 ut
898 2378 1034 2462 quotidie
1048 2385 1212 2443 nascuntur
1226 2399 1294 2441 om-

297 2497 362 2541 nes.
377 2478 495 2556 Quarto
508 2480 598 2542 modo
608 2479 719 2544 desola
728 2478 862 2553 foemina,
876 2479 958 2562 quod
967 2478 1161 2564 privilegium
1174 2477 1295 2542 Christo

298 2576 355 2639 soli
369 2585 558 2642 reservatum
578 2585 626 2641 est
640 2601 647 2640 :
662 2586 697 2642 ut
711 2578 789 2645 sicut
807 2599 891 2641 mors
904 2600 959 2661 per
973 2577 1129 2643 foeminam
1145 2577 1295 2663 virginem

297 2677 424 2740 intravit
438 2679 469 2740 in
487 2678 648 2752 mundum;
664 2678 708 2741 ita
720 2699 776 2760 per
787 2675 944 2740 foeminam
958 2677 1107 2763 virginem
1120 2678 1185 2741 vita
1197 2677 1294 2740 intra·
1408 2692 1411 2697 ·

297 2784 357 2851 ret,
374 2797 442 2858 quae
457 2784 589 2839 mortem
602 2776 789 2840 excluderet.

343 2877 385 2939 D.
412 2874 475 2938 Cur
494 2897 554 2938 non
571 2875 656 2938 venit
670 2895 744 2937 mox
757 2875 809 2937 illo
824 2882 962 2958 tempore
980 2882 1053 2939 ante
1070 2874 1229 2949 diluvium,
1245 2875 1295 2937 vel

298 2981 370 3056 post
382 2973 545 3037 diluviuml
566 3009 606 3021 -
623 2974 668 3036 M.
683 2973 718 3038 Si
740 2980 813 3036 ante
832 2973 979 3037 diluvium
993 2972 1144 3048 venisset;
1161 2972 1297 3037 dicerent

297 3072 438 3136 homines
447 3071 528 3135 illius
540 3073 687 3156 temporis
694 3093 755 3136 non
766 3071 859 3136 fiiisse
869 3093 993 3136 necesse
1005 3093 1075 3137 eum
1084 3073 1215 3148 venisse,
1227 3072 1297 3136 cirm

299 3171 359 3256 ipsi
372 3195 393 3236 a
406 3172 585 3256 parentibus
599 3172 663 3236 suis
677 3172 779 3236 onmia
792 3174 872 3236 bona
885 3172 1074 3249 didicissent,
1089 3172 1141 3256 qui
1151 3191 1247 3256 nuper
1258 3173 1297 3234 de

299 3272 446 3337 Paradiso
473 3272 633 3347 exiissent,
657 3280 726 3336 eta
746 3273 815 3336 Deo
840 3278 872 3335 et
894 3273 933 3335 ab
956 3271 1085 3356 Angelis
1108 3273 1175 3358 ejus
1196 3271 1298 3336 omnia

300 3371 399 3435 edocti
412 3378 524 3435 essent.
540 3371 575 3434 Si
589 3377 693 3434 autem
708 3391 781 3433 mox
794 3378 866 3452 post
880 3371 1028 3434 diluvium
1044 3370 1195 3444 venisset:
1213 3369 1295 3434 dice-

228 3480 233 3490 '
299 3476 368 3532 rent
378 3470 480 3534 Deum
488 3472 558 3533 Noe
571 3480 603 3533 et
615 3470 748 3534 Abrahae
759 3471 894 3536 locutum
904 3469 1008 3546 finisse,
1023 3477 1055 3534 et
1064 3470 1168 3534 omnia
1177 3471 1297 3555 agenda

299 3568 351 3630 vel
362 3567 490 3633 vitanda
500 3571 540 3633 ab
552 3569 597 3633 eis
608 3568 760 3633 didicisse.

344 3666 386 3729 D.
413 3668 515 3747 Quare
523 3690 584 3731 non
595 3669 681 3733 venit
690 3676 829 3750 tempore
839 3669 932 3753 legisl
952 3704 990 3717 -
1008 3669 1054 3734 M.
1067 3669 1099 3732 Si
1115 3676 1187 3733 tunc
1199 3669 1297 3732 venis

300 3776 364 3838 set;
379 3767 514 3832 dicerent
527 3769 626 3833 Judaei
647 3790 681 3833 se
699 3769 821 3852 copiose
837 3789 856 3832 a
871 3770 939 3856 lege
957 3768 1139 3843 instructoe,
1156 3768 1297 3832 Gentiles

300 3884 408 3929 veroa
422 3867 612 3952 Philosophis
625 3890 659 3932 se
671 3870 792 3933 abunde
806 3869 940 3934 edoctos.

348 3963 390 4027 D.
417 3964 479 4029 Cur
506 3987 567 4029 non
594 3967 712 4031 distulit
741 3987 839 4049 usque
868 3967 948 4032 circa
975 3969 1067 4032 finem
1101 3965 1223 4029 mundil
1256 4001 1296 4014 -

301 4064 349 4128 Μ.
363 4064 448 4128 Tunc
457 4065 548 4147 pauci
559 4086 629 4128 eum
641 4065 850 4140 imitarentur,
863 4073 894 4130 et
906 4067 1071 4131 electorum
1080 4085 1225 4129 numerus
1235 4085 1295 4146 non

302 4161 488 4245 impleretur.
505 4163 642 4228 Necesse
663 4183 735 4247 ergo
759 4161 817 4227 fuit
842 4183 912 4227 eum
929 4165 1051 4241 venire,
1073 4164 1194 4247 quando
1214 4163 1299 4226 venit

302 4261 459 4343 plenitudo
475 4263 631 4346 temporie.
