3184 5442
488 722 606 764 chosam
629 722 661 762 uu
681 723 733 764 aa.
761 723 801 762 An
824 722 951 764 rinorn.
1158 704 1217 764 tlt)

455 1035 488 1079 X.
509 1034 544 1082 IN
562 1033 662 1082 EPIST.
682 1034 729 1081 An
747 1035 953 1083 TIMOTHEUM
971 1039 993 1082 Ι.

660 1281 730 1322 GAP.
757 1282 779 1323 1.

273 1467 517 1555 Geroealogiis.]
540 1470 813 1544 Generationibus;
855 1480 931 1554 quot
962 1473 1050 1535 armis
1079 1472 1221 1539 videlicet

224 1569 338 1635 vixerit
358 1569 563 1633 Mathusalem
576 1578 607 1634 et
619 1572 731 1635 caeteri.
752 1572 812 1635 Vel
824 1573 1071 1656 'generationibus
1091 1572 1217 1651 Christi,

226 1670 380 1751 quomodo
401 1671 597 1747 concordent,
622 1671 670 1734 vel
696 1671 869 1735 discordent
890 1692 898 1732 ι
923 1673 1044 1735 videtur
1060 1672 1142 1736 euim
1158 1675 1221 1738 dis-

225 1769 352 1832 cordare
363 1768 405 1832 ibi
421 1770 523 1833 Lucas
543 1791 562 1832 a
576 1769 736 1833 Matthaeo.
756 1806 795 1817 —
808 1770 897 1831 Finis
912 1783 1015 1833 autem
1023 1782 1193 1857 proeccpti.
1209 1773 1222 1860 ]
1281 1770 1284 1777 ’

227 1867 392 1952 Praecepti‚
414 1869 446 1932 id
465 1880 524 1943 est,
543 1879 772 1953 praceptorum,
784 1891 913 1952 quorum
927 1872 995 1933 finis
1008 1880 1056 1934 est
1074 1872 1217 1946 charitas,

227 1968 334 2044 idest,
352 1968 473 2033 dilectio
492 1970 553 2033 Dei
571 1977 603 2032 et
617 1969 758 2052 proximi.
775 1969 863 2033 Sicut
877 1969 1097 2053 inEvangelio,
1115 1970 1154 2033 In
1171 1972 1221 2034 his

130 2138 137 2145 .
226 2067 349 2131 duobus
361 2069 598 2132 mandathtota
615 2071 668 2132 lex
678 2069 807 2157 pendet,
827 2084 858 2132 et
878 2069 1054 2154 Prophetoe.
1082 2105 1122 2117 -
1147 2069 1222 2133 Pta-

222 2167 379 2254 gratiis]
404 2168 548 2252 Plagiarii
576 2176 647 2232 sunt
672 2170 750 2232 elam
780 2168 1001 2232 transferentes
1025 2168 1161 2232 honines
1182 2171 1221 2233 de
1311 2202 1314 2207 >

226 2265 328 2349 patria
340 2267 370 2329 in
383 2268 525 2351 patriam,
545 2276 577 2332 et
591 2268 768 2331 vendentes,
791 2305 831 2316 -
855 2267 914 2330 Ad
925 2266 1193 2353 informationem.
1209 2268 1220 2355 ]

226 2366 265 2429 ld
282 2376 341 2442 ast,
362 2369 394 2432 hi
408 2369 459 2452 qui
477 2369 507 2431 in
528 2368 682 2433 Christum
700 2376 772 2432 sunt
786 2369 939 2443 credituri,
960 2369 992 2432 in
1014 2368 1132 2454 magnis
1146 2389 1219 2452 pec-

225 2466 305 2530 catis
319 2488 380 2531 non
395 2469 558 2551 desperent
583 2471 622 2532 de
646 2468 851 2533 misericordia
875 2470 998 2544 De1‚iu
1021 2491 1058 2533 eo
1079 2469 1221 2534 videlicet

226 2568 367 2650 exemplo
376 2566 539 2632 informati.
568 2605 607 2616 —
632 2568 811 2632 Secundum
816 2570 1045 2655 praecedentes.
1060 2569 1072 2657 ]
1088 2570 1221 2654 Spiritus

225 2674 351 2730 sanctus
362 2689 482 2752 semper
497 2668 679 2752 praedicebat
691 2671 842 2753 Apostolo
857 2671 1004 2754 quidquid
1018 2678 1139 2753 oportet
1150 2691 1221 2733 eum

230 2765 385 2852 injungere
395 2767 567 2832 Timotheo.
583 2770 625 2832 Et
637 2776 685 2832 est
696 2789 813 2846 sensus
826 2777 1042 2833 commoneote
1055 2770 1219 2833 secundum

230 2867 312 2948 quod
327 2867 484 2952 inspiratio
500 2870 597 2934 sancti
610 2868 743 2951 Spiritus
765 2871 903 2954 suggerit
921 2871 1006 2933 mihi.
1032 2906 1075 2917 -
1097 2868 1220 2930 Bonam

229 2975 464 3032 conscientiam.
480 2967 724 3055 ]Conscientiam
744 2979 835 3034 vocat
848 2969 1058 3054 cogitationes,
1071 2967 1221 3050 inquibus

228 3086 421 3151 summopere
438 3070 627 3133 observanda
649 3076 697 3132 est
714 3069 880 3144 humilitas,
898 3090 959 3151 qua
978 3076 1091 3151 spreta,
1109 3068 1140 3129 in
1154 3087 1221 3128 ma·

228 3188 307 3251 gnos
325 3168 448 3252 quidam
471 3169 657 3233 devenerunt
672 3187 801 3242 errores
816 3167 894 3231 sicut
904 3167 934 3230 in
947 3165 1087 3250 Epistola
1099 3166 1140 3229 ad
1158 3165 1220 3228 Ro-

229 3287 337 3330 manos
347 3267 467 3352 legitur.
488 3270 490 3274 ’

658 3581 727 3623 CAP.
754 3581 789 3622 ll.

279 3751 321 3816 Ut
334 3760 482 3840 quietam.
500 3751 512 3838 ]
527 3753 562 3817 Iu
574 3773 649 3836 paee
666 3756 836 3839 principum
853 3755 940 3838 quies
958 3760 990 3816 et
1008 3752 1142 3837 regimen
1160 3771 1222 3814 ser·

231 3861 322 3916 vatur
336 3853 529 3917 ecclesiarum
546 3877 552 3915 :
569 3874 641 3916 nam
652 3853 683 3917 in
697 3855 784 3918 bellis
798 3864 830 3919 et
845 3853 1002 3918 discordiis
1014 3872 1119 3915 eorum
1137 3858 1223 3914 tran-

231 3948 366 4033 quillitas
378 3949 554 4033 dissipatur,
569 3950 698 4033 tepescit
712 3951 822 4033 pietas,
837 3949 992 4013 distinctio
1006 3947 1144 4021 solvito,
1162 3945 1225 4007 dis-

231 4049 376 4113 tinctione
393 4049 504 4121 soluta,
519 4070 637 4113 morum
654 4051 780 4114 castitas
801 4050 942 4113 violatur.
968 4084 1013 4097 --
1040 4045 1125 4110 Unus
1141 4052 1225 4106 enim

232 4149 328 4213 Deus.
342 4148 353 4235 ]
369 4150 423 4214 Ad
439 4150 497 4214 hoc
514 4151 677 4234 respondet
689 4152 770 4235 quod
786 4151 880 4224 dixit;
894 4149 1097 4234 singulariter,
1113 4146 1225 4210 Salva-

232 4259 299 4313 lore
309 4258 413 4314 nostro
424 4253 511 4316 Deo:
538 4251 610 4314 Vult
626 4276 732 4315 omnes
747 4253 950 4336 salmariam,
967 4249 1038 4332 quia
1054 4267 1130 4310 unus
1140 4246 1226 4309 Deus
