3184 5442
310 729 376 790 ’290
687 751 714 791 o.
747 752 920 792 niurnnncr

352 894 391 953 D.
421 894 448 954 D
465 892 669 953 inell'ahilitasl
686 929 728 940 —
740 894 785 954 Μ.
802 893 883 969 Quid
900 896 924 954 si
942 895 979 955 nd
996 895 1058 955 haec
1074 897 1179 958 omnia
1190 897 1238 958 ita
1255 920 1310 978 po-

309 1000 376 1055 tens
391 1014 492 1066 esseS,
516 1002 548 1055 ut
566 993 742 1057 Alexander
763 995 912 1076 Magnus
931 997 982 1076 qui
1002 996 1128 1070 Asiam,
1149 996 1307 1066 Africam.

307 1095 474 1175 Europam,
491 1094 547 1156 sibi
560 1102 701 1174 potenter
716 1095 906 1178 subjugavitl

350 1194 389 1256 D.
418 1195 446 1256 Ο
462 1194 647 1256 sublimitas!
667 1233 709 1242 -
721 1195 766 1258 M.
781 1195 863 1273 Quid
879 1197 904 1257 si
916 1198 1040 1278 insuper
1052 1198 1090 1258 ah
1107 1198 1251 1261 omnibus
1265 1202 1309 1262 ita

306 1293 505 1363 honorareris.
516 1302 551 1355 ut
566 1293 680 1377 Joseph
698 1297 736 1356 ab
751 1296 932 1379 AEgyptiiS,
952 1317 1042 1376 quem
1058 1296 1265 1361 adoraverunt
1276 1310 1310 1363 ut

307 1393 488 1455 Dominuml

350 1492 391 1555 D.
418 1492 622 1580 Ocelsitudo!
644 1529 682 1540 -
699 1493 746 1555 M.
762 1493 844 1570 Quid
858 1494 884 1556 si
900 1495 930 1554 in
947 1494 993 1556 his
1009 1495 1149 1557 omnibus
1163 1497 1209 1559 ita
1224 1519 1307 1561 secu·
1361 1544 1364 1549 -

311 1613 362 1654 nis
373 1612 456 1655 esses
466 1592 587 1656 utElias
598 1600 630 1654 et
641 1594 690 1653 En
698 1592 775 1655 ochl
1194 1672 1202 1686 ι

349 1693 389 1755 D.
417 1693 445 1756 Ο
463 1693 657 1777 magnitudo!
678 1728 715 1740 -
737 1693 782 1755 M.
804 1693 895 1770 Quod
920 1694 946 1754 si
967 1693 1013 1755 his
1037 1694 1179 1757 omnibus
1198 1697 1308 1760 habitis

305 1793 366 1854 tale
385 1793 511 1855 haberes
526 1794 680 1877 gaudium,
697 1794 786 1875 quale
798 1794 824 1855 is
836 1794 929 1857 habet
942 1794 995 1876 qui
1007 1814 1074 1858 cum
1091 1796 1131 1857 ad
1144 1797 1307 1878 equuleum

306 1893 434 1965 ducitur,
450 1903 575 1976 repente
584 1894 614 1955 in
629 1894 736 1956 itinere
747 1895 786 1955 ad
796 1915 922 1977 regnum
935 1894 1069 1977 rapiturl
1124 1926 1126 1935 ·

353 1995 394 2056 D.
422 1994 625 2079 Omajestas!
643 2031 684 2040 -
698 1994 743 2056 Μ.
763 1993 846 2071 Quid
864 1994 889 2055 si
911 1993 1041 2056 amicum
1055 1994 1200 2070 habereS,
1216 2019 1306 2080 quem

309 2104 342 2156 ut
358 2095 490 2177 teipsum
505 2092 658 2176 diligeres,
672 2101 703 2155 et
717 2093 744 2154 is
758 2093 897 2154 similiter
908 2102 944 2155 ut
957 2101 992 2156 tu
1005 2093 1053 2155 his
1068 2095 1208 2159 omnibus
1220 2099 1308 2160 bonis

309 2195 495 2264 abundaret;
514 2215 612 2255 nonne
629 2193 741 2274 duplex
758 2193 902 2274 gaudium
917 2193 1060 2255 haheresl

352 2293 393 2354 D.
421 2293 614 2356 Oimmensa
629 2292 810 2355 delectatio!
829 2328 873 2338 -
891 2293 936 2355 M.
961 2293 1042 2369 Quid
1058 2295 1084 2355 si
1100 2295 1212 2359 multos
1226 2300 1304 2359 ami-

308 2413 358 2454 cos
375 2393 518 2463 haberes
533 2401 564 2454 et
579 2392 773 2453 nihilominus
788 2391 835 2453 his
853 2393 940 2454 bonis
951 2390 1127 2472 affluerent,
1146 2417 1246 2459 nonne
1261 2407 1308 2461 tot

307 2490 419 2573 gaudia
432 2490 578 2551 haberesl

350 2590 391 2651 D.
418 2588 710 2652 Oinenarrabilitasl
724 2590 774 2653 lta
784 2611 841 2674 ego
854 2592 986 2655 delector
995 2593 1025 2654 in
1033 2594 1222 2658 sermonibus
1233 2598 1304 2669 tuis

306 2691 383 2752 sicut
394 2689 423 2751 in
436 2689 575 2752 omnihus
587 2689 709 2753 divitiis.
725 2690 804 2753 Mihi
816 2691 937 2754 videtur
948 2694 1031 2775 quod
1044 2693 1070 2754 si
1083 2694 1152 2776 quis
1165 2697 1307 2777 quaedam

308 2812 347 2853 ex
361 2791 418 2861 his,
435 2812 494 2852 non
507 2790 573 2854 dico
587 2790 698 2864 omnia,
713 2792 851 2862 haheret;
870 2793 988 2874 dignior
1003 2801 1069 2855 toto
1083 2795 1198 2856 mundo
1210 2806 1305 2860 esset.

307 2891 341 2954 Si
351 2891 418 2973 quis
428 2898 529 2952 autem
538 2891 584 2953 his
594 2890 732 2953 omnibus
744 2903 826 2953 esset
835 2891 954 2973 plenus,
964 2893 1119 2956 videretur
1125 2896 1195 2979 jure
1204 2897 1304 2960 Deus.

308 3029 351 3040 -
363 2993 409 3055 M.
426 2992 522 3054 Recte
541 2992 652 3063 sentis,
675 3012 746 3052 nam
768 2991 815 3052 his
836 2991 974 3054 omnibus
993 2992 1080 3055 bonis
1099 2993 1158 3076 ipsi
1178 2995 1305 3076 (idest,

308 3092 429 3174 Sancti)
450 3092 539 3174 longe
558 3091 756 3155 excellentius
782 3093 961 3154 exuberant.
986 3093 1151 3155 Absalonis
1174 3116 1310 3179 namque

308 3191 480 3255 formositas
498 3192 539 3253 ibi
558 3202 639 3254 esset
660 3190 846 3253 deformitas.
872 3192 968 3255 Porro
989 3193 1109 3255 illorum
1125 3196 1312 3276 speciositas

308 3293 365 3355 erit
374 3302 408 3357 ut
417 3293 488 3355 solis
499 3293 631 3366 claritas¹
644 3301 680 3355 ut
689 3292 799 3355 dicitur
812 3313 819 3353 :
836 3323 848 3342 u
861 3286 1035 3375 Fulgebun't
1041 3293 1116 3378 justi
1127 3294 1208 3358 sicut
1219 3298 1267 3359 sol
1280 3333 1309 3376 ··‚

309 3391 360 3472 qui
376 3399 446 3453 tunc
458 3390 597 3472 septuplo
610 3391 780 3472 plusquam
795 3397 868 3471 tunc
880 3388 1037 3474 fulgescet.
1051 3393 1093 3453 Et
1107 3391 1165 3453 hoc
1180 3393 1226 3456 eis
1240 3417 1315 3477 pro·

308 3491 437 3554 mittitur
452 3514 458 3551 t
481 3522 492 3541 ι·
510 3488 701 3554 Reformahit
716 3511 826 3572 corpus
841 3490 1019 3552 humilitatis
1039 3501 1151 3554 nostrae
1166 3496 1312 3580 configu-

308 3603 407 3653 ratum
428 3591 544 3672 corpori
565 3591 711 3655 claritatis
731 3612 804 3653 suae.
822 3623 834 3644 n
850 3592 952 3654 Nemo
969 3591 1088 3654 dubitat
1105 3591 1177 3674 quin
1195 3615 1313 3679 corpus

308 3688 420 3753 Christi
434 3692 542 3753 clarius
556 3692 596 3752 sit
613 3713 703 3772 quam
724 3691 785 3764 sol,
801 3699 907 3774 utpote
925 3712 1034 3773 corpus
1045 3691 1201 3754 Creatoris
1211 3715 1313 3776 quam

306 3808 414 3869 corpus
428 3798 573 3852 creaturae
587 3815 592 3852 ε
608 3790 746 3851 homines
759 3811 833 3852 vero
850 3791 965 3873 templa
975 3791 1034 3853 Dei
1046 3793 1204 3865 dicuntur,
1223 3802 1311 3877 quod

287 3888 350 3950 *sol
360 3909 419 3949 non
433 3888 552 3951 dicitur.
563 3890 596 3952 Si
607 3909 679 3970 ergo
692 3909 819 3970 corpora
830 3891 1011 3953 Sanctorum
1025 3891 1142 3974 corpori
1156 3893 1313 3962 claritatis

305 3988 433 4059 Christi,
452 3988 534 4069 qnod
552 3996 599 4049 est
616 3988 803 4068 splendidius
824 4011 916 4072 quam
929 3983 993 4066 sol,
1012 3992 1258 4075 configurantur;
1276 4010 1311 4062 et

304 4089 390 4150 Deus
404 4087 433 4148 in
450 4087 509 4162 eis,
528 4095 561 4149 ut
576 4087 606 4148 in
623 4087 762 4169 templis,
781 4089 916 4163 hahitat;
935 4112 1059 4154 necesse
1074 4098 1171 4154 estut
1186 4098 1309 4178 templa

305 4189 362 4251 Dei
379 4186 476 4270 magis
491 4187 650 4269 perspicua
665 4189 726 4250 sint
743 4209 835 4270 quam
852 4191 906 4252 sol.
919 4193 1000 4254 Ecce
1010 4192 1108 4274 qualis
1117 4193 1306 4259 Sanctorum

305 4284 504 4368 pulchritudo.
527 4289 623 4352 Asacl
646 4288 766 4371 agilitas
788 4298 872 4354 esset.
892 4291 931 4353 ihi
952 4292 1040 4375 pigra
1062 4293 1199 4357 tarditas.
1220 4297 1308 4360 Sane
