3184 5442
551 749 761 792 nuucmunrou
784 750 852 791 srva
876 750 1032 791 omnouos.
1223 730 1289 793 203

294 894 481 971 continetur,
503 914 574 957 eum
593 893 658 977 ipse
677 892 832 956 contineat
850 891 951 956 omnia
969 915 976 951 ι
994 899 1028 952 in
1048 913 1109 979 qno
1128 899 1286 974 vivimus,

294 1016 461 1071 movemur,
477 994 687 1056 aerumnam
702 993 760 1057 hoc
770 991 851 1054 enim
866 991 965 1055 differt
978 993 1064 1056 Deus
1075 993 1114 1055 ab
1125 992 1192 1056 aliis
1203 1015 1288 1058 area-

294 1095 371 1158 turis
390 1093 610 1177 spiritualibus,
635 1113 703 1176 quae
724 1093 911 1176 proprietate
934 1093 1110 1174 substantiae
1131 1093 1285 1174 finirmtur‚

294 1203 326 1259 et
339 1195 406 1259 loeo
423 1201 584 1258 tenentur:
599 1200 649 1266 ut,
670 1193 825 1277 Angelus,
842 1193 893 1276 qui
910 1193 1074 1257 assistebat
1087 1194 1239 1277 Apostolo
1256 1195 1288 1258 in

295 1277 374 1358 Asia
379 1294 497 1376 oranti,
511 1314 572 1356 non
582 1293 690 1356 eodem
702 1302 841 1376 tempore
851 1293 941 1356 simul
952 1293 1060 1356 adesse
1068 1299 1188 1377 poterat
1198 1293 1284 1356 alibi.

293 1394 406 1458 Loeale
421 1393 501 1456 enim
518 1401 576 1465 est.
598 1394 679 1476 quod
697 1414 766 1457 eum
787 1393 895 1483 alicubi
913 1401 1013 1457 totum
1027 1402 1091 1468 est,
1105 1395 1170 1456 'non
1186 1402 1288 1477 potest

292 1494 382 1558 simul
394 1515 461 1557 esse
472 1495 555 1558 alibi.
572 1495 694 1558 Illocale
705 1514 778 1558 vero
790 1501 849 1568 est,
864 1494 946 1577 quod
955 1493 1046 1557 simul
1057 1500 1105 1558 est
1115 1488 1227 1576 ubique
1238 1501 1287 1557 to-

294 1603 378 1673 tum,
392 1600 425 1657 et
438 1593 496 1658 hoe
507 1593 601 1657 solius
614 1593 675 1657 Dei
686 1592 855 1676 proprium.
923 1636 925 1640 -

337 1893 371 1954 4.
398 1893 448 1955 De
464 1891 523 1953 Dei
536 1898 687 1970 seientia,
705 1904 736 1954 et
751 1889 916 1953 locutione.

337 1993 378 2056 D.
395 1988 472 2056 'Scit
485 1990 701 2056 Deus-omnint
720 1991 822 2054 —·M.
842 1992 877 2054 In
893 1995 1025 2063 tantum,
1044 1996 1079 2053 ut
1092 1985 1284 2072 omniaprae·

293 2092 396 2169 terita,
414 2091 591 2176 praesentia,
610 2102 642 2156 et
658 2090 760 2156 futura
774 2091 863 2175 quasi
878 2111 980 2155 eoram
993 2089 1094 2174 posita
1107 2089 1282 2174 prospiciat.

248 2197 257 2214 ’
293 2193 338 2256 Et
351 2200 516 2276 antequam
533 2193 678 2255 mundum
695 2199 823 2266 crearet,
843 2191 978 2254 omnium
992 2196 1163 2274 prorsuset
1177 2191 1284 2274 Ange-

293 2293 391 2356 lorum
403 2299 436 2356 et
447 2292 604 2356 hominum
614 2292 749 2368 nomina,
762 2313 874 2366 mores,
887 2291 1072 2366 voluntates,
1084 2291 1178 2366 dicta,
1189 2289 1285 2362 faeta,

294 2397 326 2455 et
340 2391 557 2475 cogitationem
579 2413 616 2456 ae
634 2392 661 2455 si
680 2391 912 2474 praesentialiter
927 2393 1086 2467 adessent,
1107 2389 1259 2475 praeseivit
1276 2411 1304 2450 :⁴

168 2515 171 2522 ·
294 2492 374 2554 unde
388 2512 484 2576 graeee
498 2493 611 2568 Theos,
623 2492 655 2554 id
666 2501 724 2568 est,
738 2491 842 2555 omnia
852 2492 969 2567 videns,
987 2492 1106 2556 dicitur.

338 2592 381 2655 D.
408 2591 546 2670 Qualiter
559 2592 647 2663 Deus
666 2591 801 2675 loquitur
819 2591 964 2676 AngeliS,
985 2601 1018 2656 et
1032 2591 1218 2654 hominibusi
1245 2626 1285 2637 -

294 2691 341 2754 M.
368 2691 517 2777 Angelis,
544 2693 664 2756 interna
684 2691 881 2775 inspiratione
888 2715 895 2765 ;
923 2691 1093 2755 hominibus
1116 2712 1207 2765 vero,
1232 2710 1287 2773 per

292 2791 442 2875 Angelos.
1080 2840 1083 2844 .

338 2892 381 2955 D.
407 2892 486 2956 Cum
497 2894 583 2957 Deus
597 2895 662 2956 sine
673 2892 758 2955 initio
772 2891 880 2980 fuerim
896 2892 1032 2975 nunquid
1046 2889 1229 2954 credendum
1240 2896 1288 2951 est

296 2991 377 3073 quod
389 2999 460 3056 ante
467 3001 602 3057 creatum
613 2993 758 3055 mundum
767 2991 856 3075 quasi
866 2990 1032 3054 solitariam
1042 2988 1138 3052 vitam
1148 2987 1284 3051 duxeritl

298 3125 338 3138 -
349 3091 396 3154 M.
408 3091 564 3176 Scriptum
575 3097 643 3154 est:
663 3122 675 3143 u
691 3092 782 3170 Quod
792 3090 907 3154 factum
918 3098 976 3165 est,
990 3089 1022 3151 in
1032 3088 1100 3172 ipso
1111 3087 1177 3150 vita
1186 3093 1284 3150 erato

296 3192 332 3254 ln
347 3212 407 3274 000
421 3199 508 3275 patet
523 3213 644 3255 omnem
659 3200 830 3256 creaturam
844 3211 964 3274 semper
985 3188 1079 3252 fuisse
1094 3187 1244 3251 visibilem
1258 3186 1290 3249 in

294 3289 356 3353 Dei
370 3291 649 3373 praedestinatione,
668 3313 735 3374 quae
749 3298 858 3374 postea
871 3289 998 3353 visibilis
1011 3288 1071 3372 ipsi
1082 3293 1227 3353 creaturae
1238 3307 1291 3370 ap

295 3390 396 3470 paruit
415 3389 447 3452 in
467 3391 642 3455 creatione:
661 3397 696 3454 ut
719 3389 851 3464 artilex,
874 3390 1016 3478 quivult
1041 3396 1214 3453 construere
1239 3387 1292 3450 do-

297 3510 402 3563 mum,
434 3490 519 3574 prius
542 3498 656 3554 tractat
677 3492 829 3573 quomodo
853 3490 928 3554 velit
950 3510 1078 3573 quaeque
1105 3487 1286 3572 disponere,

297 3599 326 3652 et
343 3590 502 3665 machina,
521 3611 588 3673 quae
603 3598 674 3672 post
695 3591 793 3676 surgit
807 3591 837 3653 in
856 3589 1000 3664 aedifieio,
1025 3591 1132 3653 eadem
1154 3597 1202 3652 est
1222 3609 1290 3671 quae

296 3689 380 3771 prius
402 3691 504 3754 stabat
521 3690 552 3752 in
567 3690 699 3776 ingenio.
716 3691 808 3755 Unde
822 3691 909 3754 Deus
924 3690 1034 3755 dieitur
1048 3712 1108 3754 non
1127 3710 1195 3753 esse
1208 3686 1290 3752 anti-

297 3789 384 3871 quior
398 3811 454 3853 sua
464 3799 615 3864 ereatura,
635 3797 783 3874 tempore,
802 3792 856 3855 sed
870 3791 1031 3876 dignitate.

339 4084 372 4147 5.
403 4083 469 4148 Cur
494 4099 525 4148 et
549 4087 702 4173 quomodo
728 4089 874 4152 conditus
898 4090 1056 4169 mundus,
1085 4102 1115 4152 et
1139 4099 1292 4174 quatenus

297 4191 403 4246 omnio
416 4186 514 4248 Deum
528 4195 679 4251 sentiant.
787 4239 789 4243 >

341 4285 384 4348 D.
409 4286 486 4363 Quae
511 4308 602 4376 causa
622 4287 678 4353 fuit
697 4298 732 4353 ut
757 4297 910 4355 crearetur
937 4289 1084 4353 mundusl
1102 4325 1141 4338 -
1155 4291 1202 4354 M.
1225 4291 1289 4353 Bo-
