3184 5442
291 718 357 780 ‘280
672 740 700 779 n.
729 736 905 779 ururrnrucr

294 881 454 960 perbreve
482 885 620 960 ternpus,
646 879 750 950 idest,
776 884 840 938 tres
859 896 954 937 annos
970 883 1001 938 et
1024 878 1118 939 semis
1140 881 1290 964 regnabit.

292 978 398 1052 Porro,
416 998 543 1060 corpora
567 977 723 1039 hominum
738 975 902 1039 creduntur
923 973 1027 1037 futura
1048 975 1184 1050 minora,
1202 1000 1292 1062 quarn

292 1088 408 1151 nostra,
424 1078 502 1140 sicut
517 1090 622 1141 nostra
637 1076 730 1139 etiam
746 1074 874 1148 minora,
895 1095 986 1157 quam
1001 1075 1211 1158 antiquorum.

336 1180 378 1241 D.
391 1178 472 1256 Quid
485 1185 595 1259 postea
607 1176 684 1239 eritl
709 1212 748 1223 -
766 1174 991 1256 Relinquentur
1007 1175 1213 1259 quadraginta
1232 1179 1295 1242 dies

293 1280 340 1342 his
353 1279 405 1361 qui
420 1279 485 1363 ejus
503 1298 603 1339 errore
619 1278 667 1340 vel
685 1275 805 1339 fallacia
819 1275 896 1357 lapsi
913 1284 993 1376 sunt,
1009 1282 1043 1337 ut
1057 1279 1209 1358 poenitere
1222 1300 1294 1362 pos—

293 1379 370 1449 sint;
388 1387 458 1460 post
470 1378 533 1440 haec
545 1398 606 1459 qua
619 1378 669 1440 die
682 1375 830 1463 judicium
847 1377 911 1453 fiet,
925 1375 1129 1438 omnishomo
1145 1377 1277 1461 ignorat.

341 1688 392 1749 ll.
410 1687 458 1748 De
468 1695 640 1749 novissima
656 1685 741 1762 tuba,
757 1698 787 1746 et
802 1688 1043 1745 resurrectione.

337 1788 378 1851 D.
395 1787 476 1864 Quid
491 1796 537 1849 est
549 1786 714 1848 novissima
725 1784 815 1848 tubal
827 1820 867 1830 —
881 1784 927 1845 M.
943 1785 1019 1846 Cum
1032 1783 1188 1848 Dominus
1197 1787 1298 1868 legem

295 1888 381 1951 daret
395 1888 425 1949 in
450 1896 564 1958 monte,
590 1886 694 1949 audita
709 1893 756 1948 est
772 1905 849 1945 vox·
862 1884 961 1955 tubae:
989 1882 1033 1945 ita
1043 1883 1158 1967 Angeli
1182 1886 1225 1947 ad
1242 1886 1300 1950 hoc

296 1986 464 2057 constituti,
485 1986 659 2068 corporibus
686 1992 717 2048 et
733 1983 816 2046 tubis
836 1984 875 2043 de
899 2003 970 2045 aere
990 1969 1141 2065 'sumptis
1162 1985 1300 2048 terribile

292 2087 439 2172 judicium
451 2086 509 2149 Dei
523 2086 623 2148 sonitu
644 2086 724 2147 tubae
740 2083 919 2146 intonabunt
932 2105 938 2153 ;
958 2090 992 2143 ut
1012 2081 1139 2144 dicitur:
1171 2085 1302 2148 “Canet

297 2188 376 2249 enim
392 2188 477 2258 tuba,
496 2195 527 2249 et
542 2186 650 2248 mortui
670 2196 838 2267 resurgent.
862 2214 873 2233 n
889 2183 932 2244 Et
946 2182 1073 2243 iterum:
1094 2213 1106 2232 ι·
1123 2183 1220 2247 Periit
1233 2207 1302 2248 me·

296 2286 394 2347 moria
406 2306 510 2348 eorum
521 2306 589 2349 curn
602 2285 703 2348 sonitu
714 2307 742 2357 v;
755 2292 786 2346 et
798 2282 946 2346 altissima
957 2303 1031 2344 voce
1040 2281 1169 2344 mortuis
1185 2284 1301 2348 clama-

297 2386 383 2458 bunt,
395 2385 520 2469 Surgite
533 2385 717 2459 ;utdicitur:
739 2417 750 2437 u
767 2380 1196 2446 Medianocteclamorfactus
1204 2394 1265 2447 est.
1283 2417 1296 2437 n

297 2484 350 2546 Ad
359 2503 450 2564 quarn
473 2505 578 2545 vocern
593 2505 699 2545 ornnes
714 2484 837 2554 mortui,
855 2482 926 2545 boni
938 2489 969 2544 et
979 2481 1061 2556 mali,
1080 2483 1111 2543 in
1126 2482 1193 2546 ictu
1204 2485 1298 2559 oculi,

296 2584 328 2644 id
343 2591 400 2654 est,
415 2603 508 2664 quarn
523 2582 583 2644 cito
596 2583 694 2666 possis
709 2583 829 2646 oculum
846 2583 973 2665 aperire,
993 2582 1054 2645 irno
1077 2591 1187 2665 aperto
1211 2588 1300 2650 oculo

296 2683 393 2744 lucem
409 2682 523 2755 videre,
540 2692 710 2767 resurgent.

305 2799 308 2805 “
341 2783 382 2845 D.
398 2782 473 2859 Quae
482 2789 528 2844 est
539 2783 637 2865 prima
651 2770 846 2846 resurrec'tiol
855 2819 895 2828 —
907 2783 994 2845 Sicut
1007 2783 1074 2845 duae
1083 2791 1155 2846 sunt
1167 2793 1296 2862 mortes,

297 2882 342 2945 ita
356 2895 427 2945 sunt
441 2883 507 2945 duae
520 2883 772 2954 resurrectiones:
790 2903 852 2943 una
871 2881 1053 2954 animarum,
1075 2883 1173 2945 altera
1185 2905 1299 2967 corpo·

298 3005 376 3045 rum.
395 2985 471 3045 Cum
486 2984 576 3046 homo
590 2992 708 3067 peccat,
728 2983 830 3045 anima
853 2982 995 3054 moritum
1022 2981 1093 3064 quia
1108 3003 1128 3044 a
1141 2982 1209 3046 vita
1229 2985 1299 3047 Deo

298 3082 457 3156 deseritur,
475 3092 506 3146 et
527 3085 559 3146 in
574 3105 699 3166 corpore
720 3083 810 3166 quasi
834 3083 864 3144 in
887 3081 1025 3164 sepulcro
1045 3082 1208 3164 sepelitur:
1228 3104 1299 3146 cum

298 3205 370 3246 vero
385 3206 439 3267 per
454 3185 665 3267 poenitentiam
680 3185 718 3247 ad
731 3184 827 3247 vitam
842 3184 942 3245 Deum
959 3182 1047 3256 redit,
1064 3182 1152 3265 quasi
1164 3204 1184 3245 a
1197 3191 1300 3247 morte

297 3284 435 3368 resurgit.
449 3284 523 3348 Alia
534 3286 592 3348 erit
606 3306 775 3368 corporum.

341 3385 383 3446 D.
399 3385 468 3462 Qua
480 3385 547 3447 diet
565 3422 604 3433 -
617 3387 662 3448 M.
678 3386 712 3448 ln
730 3383 778 3446 die
789 3382 928 3453 Paschae,
944 3404 981 3444 ea
992 3382 1067 3444 hora
1079 3403 1141 3465 qua
1152 3381 1301 3448 Christus

298 3485 474 3547 resurrexit.

340 3584 382 3646 D.
396 3584 465 3647 Erit
476 3585 585 3667 aliquis
601 3594 672 3648 tuno
683 3587 714 3648 in
725 3585 856 3648 mundol
868 3621 908 3630 -
919 3584 968 3646 Ita
974 3583 1083 3665 plenus
1093 3583 1152 3645 erit
1162 3585 1302 3649 mundus

297 3690 369 3743 tunc
383 3682 571 3759 hominibus¹
596 3693 631 3748 ut
646 3693 693 3748 est
708 3685 814 3756 hodie,
840 3683 893 3766 qui
911 3683 956 3745 ita
971 3690 1133 3765 operantes
1144 3692 1246 3757 amnt,
1264 3693 1301 3749 ut

296 3780 397 3842 hodie.
413 3782 545 3858 Quidam
558 3785 698 3858 arabunt,
714 3785 837 3866 quidam
850 3782 1048 3867 navigabunt,
1067 3782 1192 3864 quidam
1218 3785 1298 3847 aedi-

297 3873 441 3949 ficabunt,
455 3878 580 3960 quidam
593 3878 675 3941 aliud
686 3886 717 3940 et
729 3880 812 3942 aliud
826 3878 949 3942 facient.

340 3976 382 4037 D.
404 3975 486 4052 Quid
500 3978 538 4038 de
554 3976 615 4038 illis
635 3977 708 4038 fiett
726 4013 763 4024 -—
783 3979 829 4040 M.
844 3978 936 4054 Justi‚
953 4001 1021 4042 curn
1033 3987 1204 4062 resurgent,
1220 4001 1297 4042 rnox

297 4076 335 4137 ab
350 4074 479 4157 Angelis
493 4075 523 4136 in
539 4097 611 4138 aera
635 4075 754 4138 obviarn
771 4078 893 4141 Christo
918 4079 1082 4161 rapientur,
1100 4086 1131 4141 et
1146 4078 1236 4146 electi
1252 4081 1298 4142 vi·

296 4182 404 4237 ventes
418 4195 486 4237 curn
505 4175 548 4237 eis
571 4175 740 4261 rapientur,
767 4185 799 4238 et
813 4177 844 4238 in
867 4177 934 4259 ipso
950 4188 1041 4260 raptu
1062 4178 1244 4252 morientur,
1265 4187 1297 4242 et

297 4273 496 4336 reviviscent:
528 4275 582 4337 hoc
606 4274 760 4357 praecessit
782 4277 811 4336 in
833 4267 940 4339 'Maria
966 4287 1063 4340 matre
1089 4277 1234 4351 Domini,
1265 4286 1297 4341 et
