3184 5442
297 722 363 786 278
667 747 697 788 o.
725 748 900 790 muratum

297 883 373 957 lunt,
394 890 426 946 et
435 885 543 966 quibus
555 884 671 958 volunt,
687 885 752 948 sive
764 886 972 970 vigilantibus
987 886 1052 949 sive
1062 887 1293 952 dormientibus.

296 983 373 1060 Quae
390 995 493 1048 autem
507 985 537 1046 in
549 985 647 1066 poenis
661 991 749 1058 sunt,
768 1007 829 1048 non
851 992 1011 1068 apparent,
1026 985 1084 1048 nisi
1107 987 1147 1048 ab
1167 989 1297 1071 Angelis

296 1084 521 1164 permittantur,
536 1091 569 1145 et
578 1091 613 1145 ut
627 1103 682 1165 pro
695 1083 875 1147 liberatione
886 1106 942 1147 sua
954 1093 1144 1167 rogentaut
1160 1087 1296 1150 liberates

295 1183 439 1265 gaudium
450 1205 539 1245 suum
553 1182 658 1246 amicis
667 1185 731 1247 suis
749 1185 902 1248 nuntient.
920 1185 996 1263 Quae
1008 1193 1113 1248 autem
1134 1187 1165 1248 in
1179 1186 1295 1250 inferno

295 1290 376 1354 sunt,
396 1282 468 1345 nulli
480 1302 627 1364 apparere
641 1293 771 1365 possunt
786 1309 792 1346 :
812 1285 837 1346 si
857 1292 960 1348 autem
975 1285 1140 1368 aliquando
1155 1287 1296 1351 videntur

295 1399 453 1462 apparere,
470 1378 579 1441 sivein
603 1379 729 1454 somnia,
745 1380 812 1442 sive
825 1380 1023 1464 vigilantibus
1038 1404 1045 1453 ;
1069 1403 1131 1443 non
1146 1382 1199 1445 illa
1211 1393 1291 1456 sunt,

295 1480 511 1543 seddaemones
526 1479 558 1541 in
572 1480 691 1543 illarum
706 1481 824 1563 specie,
844 1480 897 1564 qui
909 1481 1003 1544 etiam
1025 1481 1056 1542 in
1074 1483 1202 1566 angelos
1221 1483 1295 1547 lucis

295 1597 329 1639 se
341 1578 568 1660 transfigurant,
583 1584 618 1639 ut
633 1576 797 1659 decipiant.
818 1576 851 1640 Si
871 1585 975 1641 autem
990 1577 1141 1640 veraciter
1159 1579 1293 1662 contige-

296 1675 345 1749 rit,
356 1697 412 1759 pro
426 1677 552 1761 alicujus
564 1677 659 1740 sancti
674 1676 781 1740 merito
791 1679 842 1740 lit:
861 1686 896 1740 ut
910 1698 978 1740 curn
990 1678 1026 1741 S.
1042 1679 1179 1741 Martino
1193 1678 1294 1741 anima

296 1775 420 1839 latronis
438 1777 590 1862 apparuit.
617 1777 667 1839 ubi
687 1778 783 1840 altare
803 1779 972 1847 destruxit:
995 1785 1049 1840 aut
1074 1799 1129 1860 pro
1155 1779 1293 1841 admoni-

296 1876 388 1949 tione,
407 1886 442 1940 ut
457 1876 559 1939 anima
584 1877 742 1940 Benedicti
764 1877 859 1960 Papae
885 1881 914 1941 in
937 1878 1122 1941 monasterio
1137 1879 1291 1961 apparuit,

295 1977 380 2061 cujus
393 1984 486 2059 caput
500 1986 532 2040 et
551 1977 648 2039 cauda
661 1976 781 2049 asinus,
805 1978 954 2041 medietas
973 1999 1063 2040 ursus
1086 1977 1156 2052 fuit,
1173 2000 1243 2061 quae
1262 1999 1294 2041 se

296 2078 344 2140 die
355 2087 506 2160 noctuque
524 2098 578 2160 per
592 2097 701 2159 aspera
721 2087 752 2141 et
771 2079 862 2162 ignea
875 2079 943 2142 loca
967 2078 1058 2150 trahi,
1077 2087 1110 2142 et
1129 2087 1202 2161 post
1213 2080 1294 2164 judi-

296 2178 375 2240 cium
390 2178 615 2262 deglutiendam
630 2178 760 2242 asseruit
777 2179 838 2241 olla
848 2178 1020 2262 gehennali.

339 2280 385 2352 Ι).1
398 2279 434 2341 1η
449 2300 511 2362 qua
530 2278 627 2342 forma
643 2280 812 2361 apparentl
832 2316 871 2327 —
892 2281 939 2342 M.
965 2280 1000 2342 Iu
1016 2278 1149 2342 humano
1170 2300 1295 2362 corpore

296 2386 452 2459 assumpto
468 2377 507 2438 de
520 2399 600 2439 aere.

339 2679 370 2741 9.
401 2677 489 2742 Unde
498 2689 634 2743 sonante.

337 2781 380 2845 D.
394 2781 486 2846 Unde
500 2782 626 2845 veniunt
641 2786 776 2848 somniat
790 2822 830 2833 -
841 2787 885 2849 M.
900 2786 1076 2868 Aliquando
1088 2806 1109 2847 a
1123 2784 1207 2860 Deo,
1225 2807 1296 2850 cum

294 2881 409 2964 aliquid
429 2881 521 2946 futuri
538 2883 703 2956 revelatum
723 2885 802 2949 sicut
815 2885 931 2966 Joseplr
950 2905 1005 2966 per
1025 2883 1131 2946 stellas
1146 2892 1179 2948 et
1197 2886 1296 2948 mani-

293 2983 381 3064 pulos
396 2984 477 3065 quod
488 2981 632 3046 fratribus
645 2983 708 3046 suis
721 2983 924 3066 praeferretur.
940 2985 1006 3046 Aut
1020 2983 1136 3066 aliquid
1150 3005 1295 3048 necessa·

295 3083 372 3146 rium
388 3086 583 3155 admonetur,
601 3092 635 3146 ut
649 3083 708 3147 alio
722 3084 850 3167 Joseph,
867 3093 903 3147 ut
918 3084 1038 3167 fugeret
1052 3083 1083 3146 in
1099 3086 1294 3170 AEgyptum.

294 3183 469 3267 Aliquando
480 3205 499 3247 a
511 3184 642 3258 diabolo,
657 3205 725 3247 curn
738 3183 853 3267 aliquid
862 3191 983 3247 tentare
999 3191 1053 3246 aut
1065 3183 1180 3246 bonum
1195 3185 1298 3269 impe-

294 3285 358 3347 dire
369 3285 475 3349 nititur
491 3309 497 3359 ;
511 3285 589 3348 utin
601 3285 742 3369 passione
757 3286 881 3351 Domini
900 3287 938 3348 de
953 3306 1052 3348 uxore
1065 3284 1159 3349 Pilati
1169 3286 1295 3371 legitur.

293 3384 468 3467 Aliquando
483 3388 522 3449 ab
542 3386 608 3468 ipso
623 3385 755 3461 homine,
773 3408 842 3450 cum
857 3387 938 3469 quod
955 3385 1079 3460 viderit,
1087 3385 1136 3448 vel
1147 3387 1296 3462 audierit,

294 3484 343 3545 vel
355 3485 544 3567 cogitaverit,
563 3484 620 3547 lroc
635 3485 664 3547 in
679 3486 793 3550 somnis
806 3484 1003 3568 imaginatur,
1022 3493 1053 3546 et
1072 3484 1103 3546 in
1116 3484 1229 3549 timore
1240 3507 1298 3568 po-

294 3583 370 3647 situs
386 3604 441 3666 per
449 3583 561 3656 tristia,
581 3585 653 3646 etin
669 3607 724 3667 spe
739 3607 793 3669 per
809 3587 880 3649 laeta
894 3584 1075 3648 ludificatur.

341 3886 394 3948 10.
421 3887 470 3949 De
491 3871 704 3965 Antichristo,
719 3901 749 3950 et
761 3889 897 3952 adventu
905 3888 1018 3951 Enoch
1033 3911 1072 3950 ac
1083 3887 1179 3951 Elioe.

338 3987 381 4048 D.
395 3986 594 4051 Benedictum
609 3986 669 4050 Dei
680 3989 817 4060 verbum,
836 3989 888 4071 qui
902 3997 950 4052 tot
965 3974 1083 4052 secreta
1091 3988 1166 4051 mihi
1176 3999 1296 4054 reserat

294 4107 349 4168 per
364 4108 398 4149 os
412 4094 510 4150 tuum.
529 4086 621 4151 Nunc
645 4087 671 4149 si
687 4108 793 4172 rogare
809 4090 968 4162 auderem,
993 4089 1122 4152 libenter
1136 4090 1175 4152 de
1196 4091 1293 4154 Anti·

251 4213 253 4219 ’
275 4188 405 4250 christo
426 4187 572 4250 audirem.
593 4224 631 4236 -
650 4189 697 4250 M.
713 4189 923 4252 Antichristus
941 4189 971 4251 in
990 4211 1102 4271 magna
1119 4189 1294 4275 Babylonia

295 4287 333 4349 de
345 4287 502 4350 meretrice
515 4288 634 4370 generis
645 4289 716 4351 Dan
729 4297 880 4351 nascetur.
900 4289 935 4350 ln
948 4289 1054 4352 matris
1069 4296 1155 4351 utero
1169 4290 1292 4352 diabolo
