3184 5442
523 674 643 716 11101111
667 674 699 714 nr
723 673 772 714 aa.
799 673 840 713 au
862 672 1047 714 1111111101.
1225 653 1288 716 115

291 851 337 862 -
359 816 392 875 Α
408 811 503 876 vobis
515 821 598 874 euim
612 811 672 899 dis
681 824 806 874 amotus
821 810 900 896 est]
914 811 1039 874 Diceret
1051 811 1130 894 quis.
1147 812 1290 876 Sciebant

292 923 366 979 tuno
384 914 569 978 Macedones
581 922 613 977 et
626 913 753 979 Achaiai
770 933 823 975 eos
837 913 964 976 verbum
979 912 1104 976 Domini
1123 914 1286 996 accepisse.

293 1014 347 1078 Ad
364 1014 423 1078 hoo
441 1014 623 1097 respondet:
638 1016 671 1075 A
688 1012 783 1075 vobis
797 1020 880 1075 euim
897 1012 1089 1100 diffamatus
1105 1027 1172 1087 est,
1190 1035 1289 1077 sermo

293 1115 423 1178 habetur
438 1115 477 1176 de
488 1114 575 1178 vobis
590 1115 669 1176 inter
679 1135 732 1176 eos
740 1114 779 1175 de
794 1113 855 1175 fide
867 1123 977 1176 vestra.

727 1429 795 1470 CAP.
824 1430 858 1470 11.

340 1599 424 1664 Nam
444 1610 507 1687 ipsi
519 1608 622 1664 scitis.
636 1600 647 1688 ]
660 1602 723 1685 Ipsi
739 1603 920 1666 annuntiant
932 1605 1014 1687 quud
1034 1625 1141 1667 verum
1156 1612 1218 1678 est;
1235 1626 1291 1669 vus

295 1701 378 1765 enim
392 1701 477 1766 scitis
497 1702 618 1786 qualem
634 1702 804 1765 introitum.
821 1703 880 1766 Vel
896 1701 957 1766 alia
970 1703 1048 1768 ratio
1063 1725 1116 1768 our
1132 1705 1161 1767 ei
1175 1726 1235 1768 nun
1250 1705 1292 1769 sit

295 1821 419 1866 neeesse
430 1802 523 1884 loqui.
536 1801 593 1865 Vel
607 1801 720 1885 eripuit
728 1824 784 1865 nos
795 1803 834 1866 ab
846 1801 892 1864 ira
900 1810 1044 1867 ventura:
1056 1825 1128 1867 nam
1137 1804 1195 1885 ipsi
1208 1804 1292 1868 saitis

295 1899 454 1964 introitum
479 1909 636 1975 nostrum,
655 1909 771 1985 quanta
796 1902 826 1964 in
852 1923 888 1964 eo
908 1903 990 1984 passi
1009 1924 1125 1966 sumus.
1153 1938 1194 1951 -
1217 1902 1292 1966 Nou

295 2009 390 2088 quusi
403 2001 581 2064 hominibus
591 2001 787 2088 placentes]
803 2002 1011 2066 Placere'etin
1023 2005 1113 2076 bono,
1127 2003 1200 2066 etin
1210 2004 1292 2066 malo

295 2100 459 2175 inveniam,
472 2101 526 2164 sed
535 2103 573 2164 de
583 2123 644 2186 quo
656 2103 794 2186 placendi
808 2102 881 2165 mihi
893 2102 942 2166 hie
950 2103 1034 2167 luous
1045 2103 1101 2174 sit,
1116 2102 1288 2190 subjungit:

296 2200 337 2263 In
361 2223 505 2264 semmae
526 2201 731 2264 adulationis.
758 2203 888 2266 Adulari
914 2203 995 2267 enim
1020 2204 1051 2266 in
1071 2204 1152 2266 malo
1172 2223 1292 2286 semper

296 2300 459 2365 invenitur.
488 2338 527 2349 -
556 2302 712 2366 Memores
737 2303 858 2391 enim]
885 2305 1029 2369 Ostendit
1053 2305 1204 2387 quomodo
1225 2303 1290 2366 ani·

297 2401 430 2474 mam‚id
441 2403 607 2478 est‚vitam
618 2424 705 2467 suam
715 2405 759 2467 eis
770 2404 906 2468 tradidit.
936 2441 975 2452 -
1004 2403 1107 2493 Usque
1118 2412 1151 2464 in
1152 2401 1291 2490 finem]

297 2499 403 2584 Usque
421 2500 452 2564 in
470 2503 560 2565 finem
583 2503 707 2586 quidam
724 2505 824 2568 Judaei
839 2505 982 2568 inereduli
997 2512 1085 2568 erunt
1098 2527 1106 2567 ι
1119 2513 1192 2568 tuno
1212 2504 1292 2566 enim

299 2600 398 2664 omnis
411 2601 503 2665 Israel
517 2602 693 2665 salvabitur.

721 2894 789 2934 CAP.
818 2893 863 2934 111.

350 3094 554 3158 Timotheum.
569 3095 581 3180 ]
595 3096 666 3159 Non
683 3096 714 3158 in
732 3095 788 3158 hae
808 3094 877 3157 vioe
895 3113 962 3156 uum
982 3091 1040 3156 hau
1058 3092 1199 3175 Epistola
1212 3093 1296 3156 misit

300 3215 387 3272 eum,
409 3194 464 3259 sed
487 3194 665 3277 priusquam
688 3193 768 3257 hano
787 3192 960 3276 Epistulam
981 3190 1126 3254 mitteret.
1149 3190 1296 3274 Alioquin

300 3316 444 3360 nonaum
459 3316 495 3358 eu
508 3296 673 3359 salutasset
687 3315 741 3357 eos
751 3294 782 3356 in
795 3292 952 3375 prooemio.
980 3328 1018 3339 -
1044 3291 1114 3378 Ipsi
1131 3299 1214 3354 enim
1230 3299 1293 3354 sci·

301 3404 355 3459 tis.
372 3395 384 3482 l
400 3395 533 3461 Causam
548 3394 702 3459 submovit
719 3415 771 3458 our
792 3392 909 3457 moveri
928 3415 982 3458 eus
1003 3413 1062 3455 uon
1078 3399 1234 3476 oporteat,
1251 3393 1296 3476 ip

301 3516 428 3579 samque
454 3495 635 3560 auctoritate
661 3514 765 3557 eorum
793 3495 961 3557 confirmat.
991 3529 1030 3542 -
1055 3491 1140 3556 Nam
1170 3505 1294 3554 etcum

301 3595 390 3682 apud
399 3619 472 3658 uos.
483 3594 495 3680 l
505 3595 654 3659 Eamdem
664 3612 787 3655 oausam
797 3614 854 3656 sua
866 3593 1046 3658 auctoritate
1057 3594 1225 3656 confirmat.

730 3918 800 3960 GAP.
827 3917 871 3959 IV.

262 4084 269 4097 ’
350 4101 391 4167 Ut
406 4102 594 4166 abstineatis
611 4124 684 4176 uos,
700 4100 780 4187 eto.]
793 4101 928 4185 Praeoepi
939 4099 1026 4163 vobis
1037 4107 1073 4163 ut
1091 4102 1299 4167 abstineatisa

301 4203 511 4279 iumieatione,
535 4212 609 4277 eto,
627 4203 777 4286 usquead
792 4201 862 4277 hou,
880 4213 913 4262 ut
931 4206 1001 4264 sitis
1014 4208 1120 4261 suncti
1136 4202 1299 4286 quodvult

1181 4309 1209 4354 a.
