3184 5442
395 710 460 771 :toz
619 728 650 769 n.
676 725 850 768 innnnnnci
875 724 1174 766 innomiuncrnn.

666 960 694 1021 3.
722 980 846 1022 cotun.
875 979 947 1031 xiii,
974 978 1043 1019 cte.
1072 957 1125 1019 14.

443 1161 513 1223 Non
531 1160 631 1222 inveni
648 1168 767 1222 tantam
781 1160 872 1222 fidem
888 1160 918 1220 in
937 1158 1042 1221 Israel.
1061 1158 1185 1222 Nullius
1202 1159 1288 1222 enim
1304 1160 1405 1224 laudis

398 1267 478 1323 esset
492 1280 528 1322 ac
543 1259 654 1331 meriti,
670 1259 694 1320 si
712 1260 742 1321 id
758 1260 789 1321 in
809 1279 845 1321 eo
861 1258 1003 1322 Christus
1023 1258 1103 1340 quod
1122 1258 1189 1340 ipse
1210 1259 1402 1334 donaverat,

397 1361 580 1445 pertulisset.
607 1359 755 1443 Alioquin
769 1358 898 1422 dixiseet
912 1383 917 1418 :
933 1359 1034 1422 Amen
1047 1357 1115 1422 dioo
1129 1358 1234 1434 vobis¹
1254 1381 1318 1423 non
1333 1362 1404 1423 dedi

399 1468 517 1525 tantam
534 1461 624 1524 fidem
638 1461 669 1523 in
684 1460 790 1540 Israel,
808 1468 868 1522 eto.
1466 1542 1470 1550 Ι

489 1563 685 1625 Annonnnio.
701 1597 740 1608 -
757 1561 793 1623 In
803 1560 860 1622 hoo
872 1565 1005 1622 tractatu
1018 1559 1056 1621 de
1067 1559 1127 1621 fide
1137 1558 1273 1622 hominis
1283 1571 1406 1625 contra·

488 1662 550 1724 rius
565 1669 612 1724 est
621 1661 679 1723 iste
688 1667 793 1723 auctor
803 1658 920 1722 caeteris
931 1679 1023 1722 saorae
1035 1657 1200 1741 Soriptnnae
1209 1661 1402 1736 doctoribuS,

489 1761 542 1845 qui
557 1759 759 1844 Evangelic'u‚
775 1763 807 1820 et
818 1757 1005 1840 Apostoliois
1014 1758 1248 1823 auctoritatibus
1260 1771 1406 1824 asserunt

493 1862 595 1935 fidem,
614 1860 692 1924 sicut
703 1878 807 1941 opera,
825 1857 924 1942 gratia
937 1857 998 1921 Dei
1012 1858 1182 1921 hominibus
1197 1859 1276 1922 dari.

612 2083 643 2144 4.
670 2101 794 2144 coniti.
821 2102 916 2156 xviu,
943 2103 1015 2146 eost
1037 2104 1105 2145 ene.
1134 2083 1188 2146 16.

446 2282 513 2344 Nos
532 2281 595 2343 haeo
612 2279 650 2341 de
673 2279 802 2342 incautae
818 2276 1000 2341 definitionis
1020 2278 1233 2343 immutatione
1255 2283 1406 2364 praedixi·

402 2401 479 2451 mus¹
498 2390 558 2442 etc.

490 2481 686 2541 Annomio.
703 2513 742 2525 -
759 2478 811 2541 Ab
824 2479 958 2546 hocloco
970 2481 1009 2544 ad
1023 2483 1113 2544 tinem
1128 2502 1226 2564 usque
1238 2481 1332 2546 istius
1343 2483 1406 2547 ool-

491 2576 626 2652 lationis,
645 2576 675 2639 in
693 2576 876 2660 quibusdam
894 2579 1049 2667 podicibus
1067 2581 1168 2663 plures
1187 2581 1405 2646 hereticorum

490 2678 647 2741 sententiae
672 2677 861 2762 reperiuntur
881 2679 1019 2756 inserte,
1044 2682 1186 2746 docentes
1207 2683 1404 2747 mendacium

494 2779 655 2861 aliquando
668 2801 728 2842 non
742 2800 809 2842 esse
824 2787 992 2863 peceatum.
