3184 5442
300 738 366 798 ‘298
523 757 553 796 o.
581 755 752 798 11111111111111
780 755 999 797 1111111111111.

301 899 339 959 ab
356 897 436 959 omni
453 905 590 960 creatura
607 897 781 960 habebunt:
803 896 891 978 quia,
910 902 1058 977 quantum
1071 893 1102 956 in
1119 895 1196 977 ipsis
1215 903 1297 968 erat,

301 996 503 1078 impedierunt
522 1018 560 1060 ne
578 1017 711 1078 unquam
726 995 968 1057 immutarentur.
996 993 1025 1057 Ο
1052 993 1201 1056 mirabilis
1225 1017 1300 1058 con-

299 1097 454 1160 trarietas!
472 1097 558 1161 Sicut
573 1097 692 1159 illorum
705 1095 817 1179 gaudia
835 1101 923 1156 erunt
938 1093 1188 1178 inexcogitabilia
1203 1102 1236 1158 11
1251 1097 1301 1157 in-

298 1196 448 1259 dicibilia:
468 1196 512 1259 ita
527 1197 653 1260 istorum
668 1195 816 1280 supplicia
832 1202 921 1257 erunt
938 1193 1190 1278 incomparabilia
1206 1205 1239 1258 et
1250 1196 1300 1257 in-

299 1296 439 1359 effabilia.
458 1297 531 1358 Ideo
547 1304 694 1360 vocantur
705 1295 827 1380 perditi,
843 1294 916 1377 quia
926 1316 945 1357 a
956 1293 1019 1356 cult
1020 1292 1107 1357 uDei
1120 1304 1194 1358 sunt
1205 1295 1297 1378 lapsi

343 1396 384 1458 D
401 1397 471 1460 Hoc
487 1417 547 1459 non
562 1397 775 1508 intelligol—
793 1395 840 1458 M
864 1394 943 1458 Cum
964 1395 1049 1456 Deus
1066 1395 1219 1476 palatium
1242 1397 1299 1458 sibi

283 1498 504 1574 constitueret,
522 1498 622 1581 paries
637 1500 740 1582 lapsus
757 1505 815 1570 est,
836 1497 957 1579 quando
972 1495 1083 1579 Angeli
1104 1505 1296 1559 corruerunt

298 1596 397 1672 Quem
412 1600 496 1662 Deus
509 1600 614 1662 volens
627 1608 809 1672 restaurare,
824 1597 908 1660 misit
921 1596 1034 1660 Filium
1047 1616 1136 1658 suurn
1148 1596 1239 1660 vivos
1249 1598 1298 1659 la-

297 1697 383 1779 pides
395 1700 434 1762 ad
450 1700 506 1763 hoc
521 1699 677 1762 aedificium
695 1718 891 1783 congregare.
910 1697 971 1774 Qui
992 1696 1141 1759 scandens
1158 1716 1296 1770 currum,

298 1797 409 1861 multos
419 1799 560 1862 convexit
578 1825 583 1860 :
602 1799 704 1882 lapsos
718 1799 785 1861 inde
801 1796 934 1881 reliquit,
949 1804 983 1858 ut
997 1795 1106 1858 dicitur
1122 1820 1127 1856 :
1150 1827 1161 1846 u
1179 1797 1299 1860 Ascen-

298 1896 352 1958 des
364 1919 455 1980 super
471 1919 565 1981 equos
577 1905 659 1971 tuos;
675 1907 706 1961 et
717 1898 871 1981 quadrigae
882 1906 941 1960 tuae
951 1895 1089 1959 salvatio.
1110 1927 1122 1946 ·=
1143 1896 1204 1958 Dei
1218 1918 1298 1979 qua·

299 1996 392 2078 drigae
407 2006 477 2060 sunt
492 2006 622 2080 quatuor
636 1997 853 2080 Evangelistae.
873 1997 955 2079 Equi
971 2004 1042 2058 sunt
1060 1995 1225 2078 Apostoli,
1245 1998 1298 2079 qui

299 2096 451 2178 praedicat
443 2118 511 2159 rone
526 2118 581 2159 sua
595 2096 771 2160 Christum
764 2118 793 2157 1n
813 2096 871 2158 boc
892 2117 978 2158 curru
993 2116 1048 2178 per
1064 2096 1212 2157 mundum
1230 2103 1295 2159 tra-

299 2206 421 2270 xerunt
441 2197 568 2260 ettrnul
556 2207 604 2260 tos
621 2197 661 2259 ad
674 2196 734 2259 Dei
753 2195 910 2257 aedificium
931 2194 1126 2277 collegerunt
1144 2194 1241 2277 Lapsi
1257 2197 1297 2259 de

299 2295 883 2368 1111111111111111111111111111111111111,
903 2295 1194 2358 utdicitur:Ex
1207 2294 1297 2356 nobis

299 2394 448 2468 exierunt,
463 2396 586 2457 sednon
596 2404 684 2458 erant
696 2417 735 2457 ex
747 2396 845 2457 nobis
863 2426 875 2445 n
890 2394 951 2472 Qui
964 2403 1066 2457 autern
1076 2401 1148 2457 sunt
1157 2394 1292 2468 adducti,

297 2500 332 2555 ut
346 2491 462 2572 lapides
472 2493 612 2572 quadrati
624 2514 644 2553 a
655 2514 774 2556 summo
787 2494 894 2577 opifice
909 2494 940 2555 in
953 2493 1078 2556 aedificio
1093 2492 1209 2556 coelesti
1223 2505 1296 2557 sunt

296 2591 397 2654 locati.
415 2592 458 2655 Hi
474 2600 545 2655 sunt
560 2593 658 2666 electi,
676 2602 807 2676 quatuor
820 2595 984 2658 virtutibus
992 2595 1090 2677 politi,
1102 2594 1135 2656 id
1146 2601 1204 2665 est,
1220 2615 1295 2676 pru·

297 2691 416 2767 dentia,
445 2691 638 2771 fortitudine,
668 2694 803 2779 justitia,
834 2693 1053 2775 temperantia,
1083 2692 1194 2775 quibus
1215 2694 1293 2756 muri

296 2791 486 2856 Hierusalem
503 2795 576 2856 fient
593 2795 742 2877 reparati,
762 2802 795 2856 ut
811 2793 919 2856 dicitur
939 2819 944 2853 :
968 2823 979 2844 u
997 2793 1203 2866 Hierusalem,
1225 2815 1295 2876 quac

296 2892 460 2956 aedificatur
474 2902 508 2956 ut
521 2894 639 2957 civitas.
657 2927 669 2945 ··
685 2895 818 2973 Quidam
830 2915 902 2956 vero
912 2892 1029 2974 lapides
1039 2894 1139 2976 asperi
1149 2893 1290 2976 impoliti,

296 2994 334 3054 ab
355 2993 460 3075 opifice
483 3003 553 3056 sunt
577 2994 740 3075 reprobati,
768 2994 799 3054 in
821 2994 921 3075 ignem
945 2993 1042 3066 missi,
1068 3000 1100 3054 et
1125 2992 1157 3054 in
1179 2993 1294 3057 calcem

295 3093 375 3154 versi
390 3117 395 3154 :
414 3093 551 3175 murique
563 3094 610 3156 his
621 3094 733 3155 firmati
746 3093 833 3176 quasi
846 3100 992 3156 caernento
1003 3101 1034 3155 et
1044 3093 1153 3156 ornati.
1165 3093 1211 3155 Hi
1223 3104 1295 3156 sunt

229 3251 231 3256 s
295 3193 378 3276 impii
395 3215 414 3258 a
432 3194 547 3257 coelesti
571 3194 696 3257 aedificio
721 3194 842 3279 rejecti,
862 3201 893 3255 et
913 3194 944 3255 in
969 3191 1121 3256 fornacem
1147 3194 1294 3278 gehennae

295 3295 444 3378 projecti:
463 3296 501 3357 de
524 3316 651 3379 quorum
674 3292 768 3356 exitio
786 3292 862 3378 justi
885 3292 1005 3356 vinculo
1027 3292 1185 3356 charitatis
1205 3294 1294 3376 quasi

292 3402 441 3458 caemento
463 3416 565 3458 murus
584 3394 699 3457 firmius
716 3393 1029 3476 compaginabuntur;
1055 3402 1086 3455 et
1104 3413 1209 3454 eorum
1226 3393 1292 3478 glo-

294 3495 391 3556 riosus
405 3495 502 3559 collat
482 3504 564 3559 t1one
576 3494 724 3569 decorati,
748 3494 812 3557 sine
831 3494 890 3555 fine
904 3493 934 3554 in
949 3492 1082 3555 Domino
1098 3493 1167 3554 Deo
1179 3494 1291 3577 jucun

170 3660 177 3672 ,
295 3595 409 3655 dabunt
398 3600 455 3656 t.ur

337 3692 379 3754 D.
405 3694 601 3756 Jucundrtate
614 3704 646 3757 e
633 3694 785 3758 texultat
765 3702 847 3756 tione
862 3694 978 3774 repleat
994 3701 1025 3756 te
1041 3652 1191 3756 Dominus
1204 3693 1293 3755 Deus

295 3791 485 3873 omnipotens
491 3792 626 3874 ,optime
637 3794 786 3878 Magister
791 3792 1029 3878 glorificatione
1043 3793 1140 3856 Sanct
1128 3798 1241 3866 t,0rum
1260 3800 1290 3854 et

295 3889 399 3951 videas
413 3890 532 3973 Regem
545 3890 666 3975 gloriae
659 3913 688 3952 in
701 3913 755 3954 suo
766 3894 891 3966 decore;
916 3901 947 3955 et
961 3891 1066 3954 videas
1080 3893 1160 3954 bona
1177 3891 1291 3954 Hieru-

294 3988 388 4051 salem
404 3989 543 4052 omnibus
557 3990 662 4052 diebus
676 3990 748 4054 vitae
763 3999 834 4056 tuae.
