3184 5442
488 721 603 763 oaossn
628 722 660 762 in
685 722 734 764 er.
760 723 802 762 ao
825 722 953 764 rinorn.
1160 709 1223 773 125

224 887 281 928 non
299 867 490 930 coronaberis
503 919 509 941 ,
525 890 544 932 a
566 869 656 932 simili
671 892 676 931 :
695 869 780 933 Nom
792 876 846 955 qni
857 882 959 931 certat
974 878 1121 957 magone
1134 926 1141 949 ,
1160 888 1219 938 etc.

224 1002 264 1014 -
290 965 510 1029 roborantem.
523 966 534 1052 ]
545 967 725 1032 Timotheus
735 967 793 1032 iste
808 968 948 1051 exemplo
957 969 1104 1052 Apostoli
1118 973 1222 1037 labore

222 1086 367 1129 mannum
378 1086 502 1129 suarum
516 1067 639 1130 volebat
649 1067 772 1141 vivere,
790 1076 822 1130 et
836 1069 875 1131 ab
890 1068 1097 1149 auditoribus,
1111 1073 1223 1154 quibus

220 1167 346 1229 verbum
373 1165 433 1229 Dei
459 1166 664 1249 praedicabat,
692 1167 765 1229 nihil
789 1167 944 1249 accipere,
959 1169 1040 1232 unde
1063 1173 1220 1254 penuriam

221 1266 347 1328 multam
368 1266 553 1348 patiebatur,
572 1268 644 1349 quia
658 1267 794 1330 infirmus
816 1276 899 1344 erat,
917 1277 948 1333 et
962 1269 1061 1332 labori
1076 1293 1220 1334 manuum

220 1385 329 1428 vacare
351 1387 413 1428 non
437 1374 568 1448 poterat.
589 1367 746 1443 Admonet
762 1387 834 1449 ergo
855 1388 924 1429 eum
939 1369 996 1431 sub
1014 1369 1116 1452 specie
1134 1372 1217 1457 agri-

220 1467 293 1529 colae
309 1517 315 1539 ,
332 1473 369 1529 ut
384 1466 423 1529 de
444 1487 518 1549 agro
540 1487 631 1548 quern
647 1466 718 1529 colit
738 1463 890 1540 fructum,
907 1467 987 1529 unde
1000 1477 1151 1534 sustentet
1165 1493 1214 1547 se,

220 1586 280 1627 non
301 1573 480 1649 aspernetur
498 1565 664 1648 percipere.
693 1599 733 1611 -
757 1563 832 1626 Non
847 1577 895 1626 est
909 1564 1084 1651 alligatum.
1097 1568 1109 1654 ]
1122 1570 1218 1648 Quasi

221 1665 334 1728 diceret
349 1689 355 1727 :
370 1665 424 1728 Me
445 1664 560 1748 ligant,
580 1665 634 1728 sed
650 1665 776 1727 verbum
796 1663 857 1726 Dei
877 1663 971 1748 ligare
992 1687 1052 1729 non
1067 1680 1213 1750 possunt;

221 1765 292 1847 quia
302 1765 413 1849 ubique
429 1765 571 1848 praedico.
601 1801 641 1812 -
665 1763 725 1826 Ille
735 1763 862 1850 fidelis.
875 1763 887 1849 ]
902 1766 1047 1830 Praedixit
1068 1769 1218 1834 Dominus

220 1885 278 1948 per
293 1866 464 1948 Prophetas
479 1886 567 1940 suoS,
580 1885 725 1950 magnam
744 1863 775 1926 in
799 1864 902 1926 orbem
917 1872 1066 1928 terrarum
1083 1866 1217 1932 futuram

219 1965 387 2030 Ecclesiam
408 1975 440 2029 et
458 1966 603 2049 populum
618 1964 786 2049 grandem,
802 1963 833 2025 in
856 1984 916 2046 quo
933 1964 1102 2029 laudandus
1122 1978 1213 2033 esset.

220 2065 254 2129 Si
269 2086 358 2148 ergo,
376 2064 493 2148 inquit,
510 2086 566 2128 nos
586 2085 645 2126 non
664 2063 834 2135 credimus,
852 2062 903 2125 ille
918 2070 1021 2127 tamen
1039 2086 1134 2129 verax
1151 2077 1214 2143 est,

219 2163 352 2247 seipsum
365 2217 372 2241 ,
388 2165 495 2238 idest,
508 2166 603 2229 verba
614 2186 701 2228 suaa
715 2185 748 2227 se
760 2164 882 2247 prolata
895 2159 1006 2248 negare
1018 2186 1079 2228 non
1090 2174 1211 2250 potest,

219 2262 396 2329 inventurus
407 2266 483 2328 alios
494 2287 549 2350 per
563 2287 653 2349 quos,
668 2273 700 2327 et
716 2264 746 2326 in
762 2265 872 2348 quibus
885 2264 1036 2328 laudetur.
1066 2301 1104 2314 -
1133 2266 1217 2330 Con-

220 2363 300 2450 can]
309 2365 436 2429 Morbus
448 2367 487 2428 ad
499 2366 726 2429 similitudinem
736 2365 894 2443 animalis,
909 2365 981 2448 quia
993 2365 1071 2429 sicut
1082 2367 1216 2450 undique

219 2463 267 2528 hic
281 2464 373 2529 habet
395 2465 510 2549 pedes,
527 2466 571 2529 ita
586 2465 635 2528 hic
659 2466 792 2548 undique
809 2471 949 2548 occupat.
975 2501 1020 2512 —
1042 2466 1213 2530 Resurrec-

218 2570 344 2626 tionem.
356 2563 369 2650 ]
382 2565 441 2628 Vel
459 2587 520 2657 quo
532 2572 669 2648 ternpore
682 2565 834 2629 Dominus
849 2566 1030 2642 resurrexit,
1049 2576 1081 2629 et
1094 2587 1162 2630 cum
1178 2589 1215 2630 eo

218 2663 316 2728 multa
328 2660 459 2750 corpora
468 2673 676 2739 mortuorum;
693 2664 742 2728 vel
757 2666 788 2726 in
800 2666 953 2748 baptismo
969 2717 975 2739 ,
991 2665 1023 2728 in
1038 2687 1098 2748 quo
1110 2688 1215 2730 secun-

218 2764 291 2828 dum
306 2764 469 2848 quemdam
487 2767 610 2829 modum
632 2765 769 2829 homines
793 2766 973 2842 moriuntur,
988 2774 1020 2830 et
1042 2777 1212 2852 resurgunt.

218 2899 262 2912 -
285 2864 425 2927 Finnom
431 2850 686 2950 firmamentum.
699 2865 711 2951 l
726 2864 884 2949 Quidquid
905 2865 1042 2949 garriant
1059 2866 1211 2940 haeretici,

218 2961 446 3030 iimdamentum
461 2966 521 3030 Dei
536 3019 542 3040 ,
560 2967 590 3030 id
606 2973 670 3041 est,
687 2966 778 3029 homo
793 2965 823 3027 in
843 2986 903 3048 quo
914 2966 990 3029 fides
1005 2965 1064 3029 Dei
1076 2967 1214 3030 firmatur

218 3073 251 3129 et
271 3061 396 3130 fundata
422 3072 488 3141 est,
506 3066 539 3129 id
552 3088 612 3129 non
638 3066 771 3138 titubat,
789 3085 850 3126 non
868 3063 1011 3137 vacillat,
1027 3063 1140 3126 liabens
1156 3064 1214 3128 hoc

218 3164 422 3250 signaculum,
436 3166 542 3242 idest,
557 3167 635 3231 hanc
648 3165 743 3229 menti
756 3186 818 3228 suae
828 3163 1007 3246 impressam
1017 3163 1210 3226 memoriam:

220 3264 372 3351 Cognovit
389 3266 562 3345 Dominus,
582 3279 641 3328 etc.
660 3266 720 3330 Per
741 3265 799 3328 hoc
815 3264 894 3326 enim
912 3270 943 3326 et
957 3263 1087 3325 haereses
1102 3270 1134 3326 et
1147 3283 1214 3325 om-

217 3360 268 3424 nia
281 3361 372 3425 saluti
393 3362 543 3426 contraria
560 3362 692 3435 devitat;
708 3362 780 3445 quia
799 3360 855 3424 soit
873 3360 983 3423 debere
1002 3358 1158 3422 discedere
1174 3360 1213 3422 ab
1279 3354 1282 3358 ’

217 3461 299 3524 omni
313 3461 475 3545 iniquitate
490 3464 588 3526 omnis
607 3464 657 3546 qui
673 3463 796 3526 invocat
810 3482 921 3524 nomen
943 3459 1080 3523 Domini.
1108 3495 1148 3506 -
1172 3459 1213 3521 In

217 3583 336 3647 magno
361 3561 497 3647 notem]
512 3563 563 3626 Ne
590 3560 669 3626 forte
693 3561 856 3624 miraretur
877 3559 947 3643 quia
970 3580 989 3622 a
1011 3559 1070 3621 fide
1088 3558 1211 3640 quidam

217 3661 424 3736 discederent,
439 3663 669 3726 similitudinem
683 3663 761 3725 hano
776 3661 860 3725 facit.
879 3659 1011 3738 Quidam
1026 3666 1125 3732 stant,
1143 3657 1212 3740 qui-

216 3763 287 3826 dam
299 3762 457 3837 excidunt,
473 3784 529 3828 nec
545 3784 650 3827 omnes
665 3761 847 3826 uniusmodi
863 3769 951 3835 sunt,
966 3760 1044 3822 sicut
1055 3757 1085 3819 in
1101 3778 1214 3842 magna

216 3862 319 3925 domo.
344 3898 389 3909 —
411 3861 462 3924 Ab
480 3863 581 3949 istim]
592 3864 629 3927 Id
640 3870 703 3938 est,
719 3884 738 3926 a
752 3861 904 3925 consortio
917 3860 1042 3922 istorum
1054 3877 1209 3931 vasorum,

216 3981 285 4044 quae
297 3960 458 4026 factasunt
469 3963 729 4027 incontumeliam.
752 3996 791 4009 -
810 3957 987 4045 Neqnondo
998 3955 1212 4041 det.]Ne,pro

214 4061 257 4133 si,
268 4061 316 4123 vel
327 4082 383 4143 pro
394 4083 449 4124 an:
467 4063 547 4151 quod
563 4062 655 4124 etiarn
669 4062 699 4123 in
714 4058 772 4123 hac
787 4057 1005 4142 significatione
1016 4054 1211 4139 praepositum

215 4161 372 4244 reperitur.
