3184 5442
476 662 593 705 cnossa
616 661 650 703 ru
673 660 722 702 ar.
748 661 789 702 ao
811 661 884 704 nou.
1139 646 1180 709 19

187 804 363 889 Aliquando
378 823 440 867 non
459 823 570 868 curans
580 804 691 877 verba,
710 803 922 871 tantummodo
938 806 1101 888 exequitur
1111 827 1182 871 sen-

186 904 310 970 tentiae.
336 938 383 953 ·-·
400 901 1182 988 Revclctur.]Justitiarevelaturincredente;nam

185 1004 344 1069 irainnon
357 1004 510 1069 credente.
528 1003 572 1066 Et
591 1009 639 1066 est
657 1000 718 1064 alia
735 1022 846 1075 causam
867 1003 1082 1085 predicatores
1101 1007 1181 1070 enim

185 1103 349 1189 Evangelii
361 1102 584 1166 revelantiram
595 1101 656 1165 Dei
668 1105 830 1164 venturam
838 1121 1045 1185 superomnes
1057 1105 1179 1189 impios,

186 1203 219 1267 id
233 1210 296 1278 est,
312 1202 463 1277 infideles;
483 1208 515 1267 ct
529 1220 622 1283 super
635 1200 780 1284 iujustm,
794 1199 826 1262 id
845 1210 892 1264 est
903 1203 1062 1268 credentes
1075 1217 1108 1269 et
1122 1227 1182 1269 non

187 1302 333 1368 facientes
344 1323 412 1387 quae
427 1296 564 1367 'credunt
592 1336 637 1349 —
664 1298 760 1384 Quod
777 1299 884 1363 notam
895 1315 944 1365 est
956 1302 1030 1365 Dei.
1045 1300 1102 1389 ]Id
1117 1312 1181 1380 ost,

189 1403 303 1467 deDeo
311 1403 394 1467 nosci
403 1408 519 1485 potest.
539 1437 581 1448 -
600 1397 1184 1486 invisibiliaenim.]Exponitmodum

189 1523 251 1586 quo
265 1500 507 1566 merulentaverit
521 1500 587 1574 eis,
606 1499 747 1563 videlicet
760 1500 838 1564 dans
850 1500 895 1564 eis
912 1502 1121 1566 acutissimum
1135 1505 1184 1568 in·

191 1600 326 1686 genium.
354 1636 394 1653 -
417 1601 616 1687 Scmpiterna
630 1620 760 1687 quoque.
770 1598 854 1685 ]Hic
867 1621 936 1685 quae
949 1602 1013 1667 sint
1022 1603 1186 1668 invisibilia

192 1699 345 1765 ostendit:
357 1698 770 1783 etestquoquecompletiva
781 1701 963 1780 conjunctio.
983 1737 1024 1753 -
1040 1702 1108 1766 Sed
1116 1726 1186 1766 eoa-

192 1811 338 1862 nuemnt.
352 1797 365 1884 ]
378 1799 415 1863 Id
430 1807 477 1864 est
490 1801 703 1884 cogitaverunt
716 1817 750 1861 se
764 1797 980 1882 cogitationem
994 1821 1101 1864 veram
1115 1823 1136 1865 a
1150 1823 1186 1866 se

191 1898 324 1963 habere:
342 1899 423 1963 unde
437 1897 552 1964 lactum
569 1906 633 1973 est,
650 1905 686 1963 ut
706 1898 923 1982 cogitationem
937 1899 997 1962 Dei
1010 1901 1184 1982 perderent.

194 2034 234 2047 -
259 1999 407 2061 Dicenteo
418 2004 510 2063 enim
528 1997 698 2084 ]Ostendit
709 1998 864 2080 quomodo
876 1998 1016 2081 superius
1025 1997 1188 2064 intellexe-

191 2098 242 2174 rit,
253 2097 459 2161 Evanueruct
471 2104 505 2161 in
517 2095 761 2183 cogitationibus
770 2102 845 2159 suis.
871 2133 911 2147 -
940 2095 1188 2186 Corruptibr'lis.]

192 2196 288 2262 Moris
307 2195 364 2261 filit
383 2197 591 2261 Romanorum
611 2197 650 2260 ab
672 2196 806 2281 antiquis
828 2197 1036 2279 temporibus,
1059 2199 1188 2266 adorare

192 2296 352 2361 uramara
366 2295 523 2362 hominum
534 2303 592 2376 ,ut
606 2296 749 2372 Romuli,
767 2296 856 2360 Jovis
871 2305 904 2360 et
914 2297 1042 2361 oliorum
1060 2297 1123 2363 fere
1141 2300 1189 2364 in-

191 2396 443 2470 numerabilium
462 2405 494 2461 et
513 2396 647 2460 maxime
668 2397 707 2460 ab
727 2397 862 2462 aduentu
878 2397 989 2461 AEneae
1006 2397 1038 2460 in
1052 2398 1185 2464 Italiam.

192 2496 358 2561 Volucrum
381 2504 485 2561 autem
515 2503 547 2560 et
571 2496 779 2579 serpentium,
808 2504 840 2561 et
871 2498 1122 2580 quadrupedum,
1149 2519 1199 2562 ex.

192 2617 252 2679 quo
263 2596 453 2660 Alexandria
463 2597 502 2660 ab
516 2595 659 2680 Augusto
671 2595 752 2660 victa
764 2595 873 2660 Romae
884 2602 933 2660 est
941 2598 1115 2684 subjugata.
1140 2635 1185 2646 —

198 2695 262 2781 Qui
282 2694 588 2781 commaceratio]
611 2696 647 2761 Id
665 2703 729 2771 est,
752 2696 837 2779 prius
857 2697 896 2760 de
922 2696 991 2760 Deo
1013 2706 1172 2762 senserunt
1178 2721 1186 2771 ;

194 2793 272 2860 falsa
290 2816 331 2860 ex
344 2816 382 2859 eo
395 2802 504 2879 postea
516 2797 640 2860 credere
651 2801 806 2878 ceperunt.
835 2831 876 2846 -·
904 2795 1078 2859 Veritatem
1089 2798 1162 2861 Dei.
1178 2796 1190 2883 ]

195 2895 232 2960 Id
252 2901 312 2971 est,
335 2895 484 2979 quamde
501 2894 570 2958 Deo
589 2894 743 2958 habebant
755 2917 763 2968 ;
777 2893 855 2958 falso
875 2895 1061 2978 imputantes
1079 2895 1187 2970 idolis,

197 2996 280 3078 quod
296 3017 369 3060 vere
386 2996 480 3060 solius
495 3003 543 3060 eet
553 2995 626 3058 Dei.
655 3031 694 3045 -
719 2994 794 3057 Non
805 2992 1038 3057 intellexerunt.
1050 2992 1063 3077 ]
1077 2993 1113 3055 Id
1125 3001 1188 3068 ost,

196 3113 259 3157 non
273 3095 370 3159 solum
382 3096 421 3159 de
438 3095 505 3158 Deo
525 3094 603 3160 falsa
617 3101 799 3165 senserunt;
817 3092 977 3155 sedetiam
988 3090 1189 3175 cognitionem

197 3194 345 3258 bonarum
358 3215 395 3259 aa
408 3194 558 3258 malarum
573 3214 674 3257 rerum
690 3191 867 3256 amisenmt.

625 3497 693 3539 cnr.
721 3497 756 3538 11.

241 3684 379 3771 Propter
393 3685 479 3772 quod
498 3683 724 3748 inexcusabilis
738 3705 790 3759 es,
805 3707 824 3746 o
842 3684 949 3761 homo,
967 3692 1023 3770 qui
1032 3683 1190 3771 ludicen]

198 3784 335 3850 Invectio
345 3783 378 3849 in
392 3784 552 3850 Rectores.
564 3783 648 3848 Dicit
663 3782 744 3846 enim
759 3804 765 3844 :
783 3783 863 3848 Cum
878 3803 984 3846 omnes
998 3780 1144 3849 facientes
1158 3795 1191 3850 et

199 3883 421 3950 consentientes
434 3884 503 3967 sint·
511 3883 638 3969 perituri
651 3907 658 3960 ;
673 3882 767 3948 etiem
781 3889 814 3947 et
828 3882 860 3947 hi
873 3883 925 3965 qui
942 3883 1017 3946 alios
1033 3883 1188 3969 judicant,

198 3981 225 4045 si
246 3983 352 4046 eodem
367 3990 494 4067 peccato
514 3992 655 4049 tenentur
674 3982 823 4067 impliciti.
853 4016 893 4031 ·-
917 3982 1043 4045 Scimus
1056 3984 1191 4070 aciem]

199 4081 394 4146 Auctoritate
407 4103 465 4147 sua
478 4083 636 4148 confirmat
647 4089 824 4167 peccatores
836 4081 1080 4165 supradictorum
1094 4083 1190 4148 scele-

198 4201 282 4257 rum,
300 4182 482 4264 generaliter
496 4203 564 4248 csse
584 4182 781 4246 damnandos.
807 4218 850 4235 -
874 4180 1052 4243 Secundum
1070 4190 1192 4245 verita·

1057 4285 1084 4331 2.
