3184 5442
298 731 361 793 136
675 748 705 786 n.
733 744 907 786 unnsnnncr

296 887 469 950 memoriter
489 885 633 949 sciebant.
663 920 702 932 -
727 883 825 944 Lacte
849 879 1020 966 opressit]
1038 881 1101 943 Lao
1124 889 1172 945 est
1190 884 1294 948 brevis

220 1010 225 1018 ·
296 985 458 1048 insinuatio
479 993 510 1046 et
534 982 629 1047 facilis
652 981 824 1046 observatio
846 1001 976 1043 morum.
998 979 1126 1063 ‘Solidus
1144 980 1230 1045 cibus
1245 993 1294 1047 est

296 1085 373 1147 ratio
387 1084 482 1166 ipsius
494 1083 565 1146 fidei
579 1092 610 1145 et
624 1081 759 1164 perfecta
773 1078 924 1143 institutio
937 1079 1021 1144 vitae.
1038 1079 1173 1142 Probare
1190 1080 1294 1144 inten-

295 1182 341 1245 dit
355 1185 427 1264 quia
440 1182 499 1245 illis
519 1202 595 1265 opus
613 1191 660 1245 est
677 1182 774 1245 lacte:
792 1179 890 1242 omnis
911 1178 991 1241 enim
1015 1199 1126 1262 expers
1144 1183 1295 1244 sermonis
1401 1209 1403 1214 ·

185 1340 188 1347 .
291 1281 434 1366 justitiae,
453 1280 606 1363 particeps
628 1288 675 1343 est
700 1279 799 1342 lactis.
820 1279 897 1340 Haec
916 1277 1056 1361 probatio
1071 1278 1102 1339 in
1122 1277 1199 1340 libro
1219 1299 1293 1342 oon-

295 1401 394 1443 versa.
407 1381 471 1443 Vos
492 1387 595 1442 autem
610 1379 684 1441 estis
705 1391 851 1461 expertes
869 1377 1034 1452 sermonis,
1047 1377 1079 1439 id
1097 1384 1161 1454 est,
1179 1381 1293 1461 proba-

295 1478 377 1541 tione
393 1476 610 1560 propositionis
624 1476 730 1559 primae
748 1527 753 1551 ,
772 1476 822 1539 vel
838 1497 857 1538 a
875 1496 985 1550 causa,
1002 1476 1050 1538 vel
1064 1497 1084 1538 a
1097 1497 1208 1559 genere
1221 1481 1294 1542 sub·
1389 1539 1394 1548 ,

292 1576 414 1662 jungit,
437 1577 488 1640 ubi
512 1577 575 1640 ait:
606 1575 763 1639 Paruulus
788 1583 871 1636 enim
899 1588 956 1637 ost.
982 1576 1072 1653 Quod
1098 1597 1171 1639 vero
1197 1577 1289 1641 dicit:

295 1675 512 1763 Persectorum
526 1685 609 1738 enim
625 1690 672 1738 est
683 1674 805 1738 solidus
817 1675 916 1750 cibus,
925 1676 1066 1757 probatio
1082 1683 1139 1751 est,
1151 1678 1293 1761 quoniam

295 1798 354 1839 non
370 1785 418 1840 est
432 1797 508 1859 opus
519 1775 577 1838 illis
592 1775 687 1838 solido
699 1775 784 1838 cibo:

718 2091 787 2131 CAP.
814 2089 858 2130 VL

339 2264 625 2351 Fundamentum]
640 2264 831 2345 Quicumque
853 2263 957 2325 doctor
983 2261 1118 2324 infideles
1136 2262 1177 2324 ad
1200 2262 1292 2324 fidem

296 2364 460 2437 convertit;
471 2363 520 2427 hio
528 2363 558 2425 in
571 2363 677 2445 primis
688 2362 920 2425 fundamentum
931 2360 1083 2424 mentibus
1088 2359 1179 2445 jacit,
1190 2360 1294 2425 dicens
1321 2381 1329 2393 ·

296 2470 435 2544 oportere
451 2484 503 2525 eos
516 2469 709 2545 peccatorum
724 2482 848 2524 suorum
868 2461 1015 2544 poenitere
1030 2482 1037 2532 ;
1054 2463 1086 2522 in
1106 2461 1209 2524 Deum
1225 2482 1292 2524 cre·

295 2563 387 2635 dere;
404 2561 435 2623 in
450 2561 657 2624 remissionem
672 2568 868 2644 peccatorum
884 2560 1047 2644 baptizari;
1071 2581 1128 2643 pro
1140 2561 1292 2644 accipien-

296 2660 342 2723 dis
354 2661 451 2724 sanoti
466 2659 601 2743 Spiritus
615 2661 703 2725 donis
720 2661 751 2722 in
771 2660 966 2743 impositione
988 2681 1132 2723 manuum
1147 2660 1293 2744 Episcopi

296 2759 498 2822 consummari
509 2782 516 2833 ;
529 2760 756 2822 resurrectionis
767 2759 873 2844 judicii
888 2758 967 2820 diem
977 2757 1157 2841 praestolari.
1184 2795 1224 2806 -
1248 2761 1294 2823 Et

287 2858 418 2942 juilleii.
433 2857 445 2943 ]
463 2858 544 2936 Quia
559 2859 665 2942 quales
687 2860 725 2921 de
747 2858 858 2943 judicio
882 2857 1028 2933 exibunt,
1045 2857 1123 2920 tales
1144 2858 1209 2921 sine
1233 2861 1293 2923 fine

295 2959 473 3021 manebunt.
500 2993 540 3005 —
565 2955 748 3043 Impossibil
766 2955 805 3042 .]
830 2956 994 3020 Rationem
1022 2954 1122 3019 reddit
1151 2977 1204 3020 cur
1232 2977 1292 3020 non

295 3056 438 3140 expediat
454 3057 583 3139 primam
604 3059 694 3121 fidem
716 3055 903 3140 relinquere,
919 3066 951 3119 et
970 3056 1001 3118 in
1020 3063 1148 3138 peccata
1161 3057 1282 3134 cadere;

296 3156 445 3219 nonenim
461 3163 649 3221 revertentes
664 3158 729 3243 jam
745 3157 826 3219 ultra
839 3153 987 3237 baptizari
1000 3162 1129 3237 possunt
1139 3154 1170 3216 in
1183 3155 1292 3220 remis·

296 3253 412 3318 sionem
423 3263 634 3338 peccatorum,
650 3258 727 3320 sicut
737 3256 832 3339 prius
860 3291 899 3303 -
926 3254 988 3316 Dei
1005 3253 1214 3340 verbum.]ld
1225 3263 1288 3333 est,

295 3351 413 3428 Patris,
432 3354 484 3435 qui
505 3354 537 3416 in
556 3355 750 3438 perceptione
769 3355 904 3438 corporis
919 3367 951 3418 et
970 3353 1124 3437 sanguinis
1143 3355 1210 3440 ejus
1223 3377 1292 3440 gns

218 3523 224 3538 .
295 3455 389 3512 tatur.
417 3484 457 3498 —
486 3449 724 3537 Crucifigentes.
737 3453 794 3538 ]In
806 3453 978 3536 semetipsis
992 3452 1170 3537 crucifigunt
1179 3454 1292 3518 Filium

229 3594 232 3598 .
294 3546 374 3620 Dei,
394 3554 426 3608 et
447 3549 594 3625 ostentui,
607 3551 639 3612 id
654 3558 720 3629 est,
735 3551 924 3615 contumeliae
947 3550 1076 3626 habent,
1094 3552 1147 3634 qui
1160 3553 1292 3635 gratiam

295 3641 360 3724 ejus
371 3641 592 3724 vilipendentes
604 3644 633 3706 in
645 3647 779 3728 peccatis
785 3649 899 3732 jacent.
927 3683 967 3695 -
997 3646 1036 3709 Ut
1044 3670 1108 3733 per
1118 3647 1198 3710 duas
1208 3647 1292 3734 res]

294 3738 314 3800 J
316 3739 522 3825 usjurandum,
535 3749 567 3805 et
582 3763 637 3824 per
651 3743 860 3826 semetipsum,
875 3746 984 3828 quibus
995 3746 1149 3810 immobile
1158 3746 1199 3810 sit
1208 3748 1292 3831 quod

294 3837 412 3902 dicitur.
440 3876 480 3905 ,-
509 3839 611 3927 Usque
638 3843 889 3930 adiutorium]
909 3846 989 3928 Spes
1011 3853 1116 3910 nostra
1138 3846 1291 3928 usquead

293 3939 486 4018 praesentiam
502 3941 562 4005 Dei
576 3941 700 4028 incedit,
716 3963 809 4025 quam
824 3944 1034 4028 significabant
1049 3945 1193 4008 interiora
1205 3945 1291 4009 vela-

294 4056 393 4100 nnnrs.
580 4049 584 4056 '
