3184 5442
321 737 383 799 178
696 756 725 795 n.
752 755 924 796 crurnnucr

316 897 407 979 vulgo
420 893 565 965 hominis,
584 913 643 953 non
654 893 730 978 justi
745 901 776 956 et
790 891 970 956 sanctificati
980 892 1125 967 hominis,
1141 895 1196 956 sed
1207 895 1310 977 potius

315 995 363 1059 cui
374 995 439 1078 ipse
451 993 563 1066 unitus,
578 992 609 1055 id
619 1001 677 1067 est,
691 992 865 1057 incarnatus
879 1002 937 1066 est,
951 991 1010 1057 Dei
1019 998 1051 1055 et
1061 992 1205 1058 hominis.
1218 996 1309 1074 Quod

315 1115 387 1158 vero
401 1094 446 1157 ait
460 1091 682 1156 benedictiones
696 1093 861 1178 mysticas,
885 1094 928 1157 sic
945 1092 1059 1155 dictum
1077 1093 1195 1176 accipe,
1220 1097 1309 1179 quasi

314 1196 428 1259 diceret
439 1206 581 1256 secretas.
589 1192 774 1277 Mysterium
788 1213 931 1276 namque,
944 1192 1022 1256 sicut
1036 1193 1146 1256 beatus
1154 1193 1307 1278 Augusti-

241 1375 243 1381 γ
313 1295 409 1359 nusin
420 1293 495 1356 libro
506 1293 545 1355 de
556 1291 776 1356 catechizandis
793 1293 918 1356 rudibus
929 1291 1014 1366 dicit,
1036 1300 1185 1356 asecreto
1196 1316 1307 1359 nomen

312 1394 440 1476 accepit.
456 1391 539 1470 Quid
556 1390 636 1454 enim
652 1391 798 1455 secretius
812 1413 904 1475 quam
915 1392 1021 1475 panis,
1040 1392 1163 1475 vinique
1174 1394 1307 1476 speciem

311 1493 494 1577 conspicere.
508 1512 647 1573 saporem
662 1498 795 1575 gustare,
811 1501 928 1557 tactum
942 1491 1071 1565 sentire,
1089 1500 1121 1556 et
1135 1499 1238 1556 tamen
1253 1496 1308 1558 mi-

311 1593 445 1657 rabiliter
458 1598 603 1674 operante
611 1591 678 1656 Deo
692 1612 798 1655 veram
810 1613 932 1657 carnem
947 1613 1114 1675 verumque
1128 1595 1306 1676 sanguinem

311 1694 444 1766 credere,
459 1691 628 1762 comedere,
643 1691 762 1753 biberet
786 1691 874 1766 Has,
900 1697 932 1754 et
950 1690 1122 1776 hujusmodi
1142 1692 1309 1774 scripturas

310 1812 365 1875 per
374 1798 473 1856 totum
484 1788 547 1854 fere
559 1789 728 1852 divinarum
736 1789 906 1853 litterarum
913 1810 1021 1872 corpus
1031 1790 1160 1873 sparsim
1167 1790 1303 1865 diffirsas,

310 1891 336 1954 si
361 1897 464 1954 amoto
488 1889 585 1952 inanis
600 1888 756 1975 jactantiae
780 1890 949 1973 appetitu,
968 1910 1024 1972 pro
1044 1890 1211 1954 intentione
1233 1892 1306 1955 vitae

309 1998 429 2055 eetemae
446 1989 599 2052 humiliter
610 1989 738 2073 legeres,
753 1989 779 2052 si
792 1989 872 2053 inter
888 1989 1050 2074 legendum
1063 1988 1164 2052 effusis
1180 1991 1221 2053 ad
1235 1992 1304 2055 Do·

308 2091 422 2153 minum
436 2090 576 2172 precibus
592 2089 757 2172 impetrata
771 2089 875 2153 divina
886 2089 985 2174 gratia
1002 2089 1205 2175 intelligeres
1228 2090 1255 2152 si
1267 2112 1305 2154 ea

308 2211 376 2272 quae
387 2191 427 2252 ad
439 2189 573 2251 litteram
588 2188 701 2270 accipi,
721 2196 753 2251 et
772 2209 810 2251 ea
828 2209 895 2270 quae
912 2187 1109 2271 spiritualiter
1123 2196 1243 2272 oportet
1253 2190 1303 2252 in·

306 2289 402 2373 telligi
416 2287 579 2352 christiana
592 2288 711 2350 cautela
720 2287 941 2372 distingueres:
956 2287 1152 2371 proculdubio
1165 2290 1303 2352 crederes

306 2389 388 2469 quod
408 2385 587 2449 universalis
599 2385 738 2449 Ecclesia
753 2387 865 2461 credit,
890 2388 1070 2470 praedicares
1085 2389 1168 2471 quod
1180 2396 1302 2471 aposto·

304 2485 362 2549 lica
375 2485 512 2548 doctrina
529 2482 562 2544 in
580 2490 646 2545 tota
664 2485 770 2546 mundi
786 2484 948 2549 latitudine
970 2486 1195 2568 praedicandum
1216 2488 1302 2552 insti·

305 2584 374 2648 tuit.
398 2582 528 2646 Carnem
548 2581 684 2657 scilicet,
709 2604 745 2646 ac
766 2586 944 2669 sanguinem
964 2585 1089 2649 Domini
1107 2587 1203 2650 nostri
1225 2589 1301 2653 Jesu

304 2681 429 2756 Christi,
444 2687 475 2744 et
490 2701 541 2743 ore
552 2680 695 2763 corporis,
711 2690 743 2744 et
758 2704 809 2746 ore
826 2682 937 2754 cordis,
954 2683 1013 2748 hoc
1027 2691 1074 2748 est
1088 2686 1294 2769 corporaliter,
1344 2716 1350 2725 ¹

304 2803 340 2847 ac
355 2781 550 2865 spiritualiter
565 2783 740 2846 manducari
759 2791 790 2846 et
810 2783 880 2846 bibi.
905 2783 1063 2867 Corporali
1081 2785 1230 2868 siquidem
1244 2807 1296 2850 ore

303 2882 498 2967 corporaliter
513 2883 730 2946 manducamus
745 2891 777 2946 et
789 2883 932 2961 bibimus,
951 2885 1070 2967 quoties
1084 2886 1124 2949 de
1138 2885 1227 2949 altari
1238 2888 1293 2949 do·

303 2983 413 3047 minico
438 2983 536 3066 ipsum
564 2982 748 3048 dominicum
772 3003 882 3066 corpus
903 3004 960 3067 per
984 3006 1108 3048 manum
1130 2987 1297 3051 sacerdotis

303 3083 477 3167 accipimus.
490 3082 646 3165 Spirituali
662 3103 735 3146 vero
749 3103 801 3145 ore
812 3083 910 3147 cordis
920 3083 1115 3166 spiritualiter
1128 3086 1297 3150 comeditur

302 3191 334 3247 et
349 3183 501 3258 hauritur,
517 3184 638 3265 quando
650 3183 801 3257 suaviter,
819 3190 851 3246 et
865 3183 996 3260 utiliter,
1014 3184 1093 3248 sicut
1105 3186 1214 3248 beatus
1221 3187 1295 3250 ¹Au-

301 3284 441 3368 gostinus
455 3283 538 3358 dicit,
553 3283 584 3346 in
598 3284 743 3347 memoria
757 3283 940 3360 reconditur,
957 3285 1039 3367 quod
1049 3284 1224 3370 unigenitus
1234 3287 1294 3350 Dei

300 3383 378 3446 filius
389 3403 444 3465 pro
456 3382 553 3445 salute
564 3384 668 3445 mundi
683 3402 804 3446 carnem
824 3383 957 3468 accepit,
978 3385 1009 3446 in
1024 3405 1111 3449 cruce
1126 3387 1290 3469 pependit,

299 3480 474 3554 resurrexit,
487 3480 638 3562 apparuit,
652 3483 800 3558 ascendit,
814 3490 959 3547 venturus
967 3483 998 3546 in
1010 3484 1059 3547 die
1066 3485 1173 3570 judicii
1184 3486 1296 3571 dignas

298 3580 425 3664 singulis
444 3578 597 3642 mercedes
615 3583 780 3663 rependere
799 3603 854 3665 pro
879 3583 943 3646 suis
960 3584 1111 3666 operibus.
1137 3585 1215 3662 Quae
1239 3608 1293 3651 co-

297 3678 407 3741 mestio
418 3683 490 3740 tunc
503 3683 551 3741 est
564 3677 648 3741 utilis
658 3680 841 3763 pauperibus
856 3681 982 3758 Christi,
1004 3683 1030 3746 si
1044 3685 1084 3746 ad
1094 3683 1173 3748 tanti
1188 3684 1295 3750 divitis

296 3787 361 3841 tam
376 3796 519 3860 magnam
531 3797 667 3840 mensam
677 3780 834 3853 sedentes,
850 3783 894 3846 sic
912 3783 1022 3858 edunt,
1048 3790 1084 3846 ut
1101 3790 1288 3859 saturentur,

295 3878 339 3941 sic
350 3876 484 3940 recolunt
498 3884 534 3940 ut
549 3876 719 3950 imitentur,
737 3884 837 3962 parati
855 3903 977 3964 semper
988 3883 1065 3946 mori
1079 3903 1136 3966 pro
1146 3883 1289 3966 Christo,

294 3975 510 4039 mortificantes
521 3976 636 4061 jugiter
651 3979 787 4041 membra
802 3999 858 4043 sua
872 4002 940 4064 quae
959 3988 1031 4046 sunt
1046 4003 1138 4066 super
1153 3990 1286 4062 terram,

294 4086 326 4139 et
340 4073 548 4158 crucifigentes
562 4095 683 4139 carnem
699 4096 785 4141 suam
800 4099 869 4142 cum
885 4080 977 4156 vitiis,
993 4089 1025 4146 et
1036 4082 1289 4166 concupiscentiis

291 4177 369 4239 sicut
380 4173 525 4256 scriptum
537 4182 600 4237 est:
631 4206 644 4228 u
665 4176 718 4240 Ad
739 4198 876 4241 mensam
897 4201 1040 4266 magnam
1061 4183 1187 4254 sedisti.
1211 4185 1288 4248 scito

292 4273 434 4358 quoniam
456 4273 529 4336 talia
549 4282 580 4337 te
599 4284 718 4357 oportet
740 4297 921 4360 praeparare.
947 4312 959 4333 a
984 4282 1034 4345 De
1058 4283 1210 4366 corporali
1231 4304 1284 4347 co-
