3184 5442
505 738 623 780 crassa
648 740 678 780 ra·
705 740 753 780 ur.
780 741 821 780 no
844 739 972 781 risioni.
1181 723 1235 785 12!

194 916 201 925 ·
246 912 286 925 -
311 876 350 938 In
372 874 515 961 loqueum
536 873 696 961 attaholt]
721 877 807 940 Solet
828 877 948 940 evenire
973 877 1009 939 iis
1034 877 1085 959 qui
1105 879 1144 940 ab
1175 877 1242 940 aliis

244 976 462 1060 despiciuntur,
484 983 519 1039 ut
529 975 731 1058 despicientes
745 997 778 1038 se
790 982 823 1039 et
834 976 891 1058 ipsi
907 974 1091 1059 despiciant;
1107 983 1139 1039 et
1154 975 1239 1039 sicin

243 1076 321 1139 iram
335 1081 367 1138 et
382 1073 495 1147 odium,
514 1082 546 1136 et
555 1083 680 1138 caeteros
695 1073 806 1137 diaboli
818 1074 942 1156 laqueos
956 1073 1101 1139 incidant.
1116 1110 1155 1123 -
1172 1074 1238 1136 Ec-

244 1175 343 1238 clesia
358 1176 420 1238 Dei
438 1176 517 1245 vivi,
540 1172 696 1238 columna.
715 1186 772 1236 etc.
793 1173 805 1260 ]
824 1174 973 1249 Ecclesia,
999 1174 1030 1238 id
1054 1182 1112 1248 est,
1136 1174 1242 1238 fideles

243 1282 315 1339 sunt
331 1273 471 1338 columna
493 1272 642 1347 veritatis
656 1274 759 1346 idest,
777 1282 813 1337 ut
827 1274 924 1357 ipsam
938 1275 1111 1345 veritatem,
1131 1274 1162 1336 id
1178 1282 1237 1346 est,

243 1374 410 1448 Christum,
430 1393 469 1436 ne
488 1373 624 1456 perversi
644 1375 834 1448 subvertant,
852 1374 966 1438 directe
983 1381 1168 1439 sustentant.
1195 1409 1236 1422 -

247 1472 412 1551 Columna.
427 1470 439 1557 ]
453 1471 593 1536 Ecclesia
605 1471 664 1535 Dei
681 1471 712 1535 in
733 1472 852 1556 magnis
864 1472 938 1536 viris
953 1475 1094 1536 columna
1111 1481 1169 1546 est,
1187 1473 1240 1556 qui

242 1573 319 1637 alios
342 1572 517 1637 sustinent:
541 1571 573 1633 in
595 1570 708 1635 eisdem
724 1572 818 1635 etiam
834 1573 989 1634 firmamur
1007 1592 1074 1635 cum
1100 1571 1241 1637 veritatis

242 1675 433 1737 firmamento
447 1672 518 1755 quia
533 1672 590 1755 ipsi
604 1671 703 1735 verbis
715 1681 746 1736 et
760 1672 913 1735 miraculis
922 1672 1082 1751 veritatem
1095 1671 1237 1755 Evange·

242 1773 275 1837 lii
289 1773 478 1837 confirmant.
505 1807 549 1821 -
572 1773 726 1858 Magnum
748 1785 795 1834 cst
811 1778 944 1857 pictatis
964 1782 1208 1832 sacromentum.
1229 1770 1241 1855 ]

243 1872 367 1937 Veritas
377 1879 409 1936 et
422 1880 645 1936 sacramentum
660 1872 743 1954 quod
756 1870 805 1935 hic
818 1869 957 1943 habetur,
970 1870 1002 1932 id
1014 1878 1072 1944 est,
1084 1868 1235 1942 Christus

244 1971 296 2055 qui
310 1979 358 2036 est
372 1973 486 2036 veritas
501 1978 534 2036 et
548 1980 773 2036 sacramentum
790 1968 949 2033 manifeste
962 1990 1091 2053 magnus
1107 1976 1165 2030 est.

648 2354 714 2395 CAP.
746 2353 790 2394 lv,

288 2583 427 2672 Spiritus
443 2599 546 2649 autem
565 2584 745 2670 moiaiJista
763 2585 849 2670 cta]
872 2585 929 2648 Vel
958 2585 1099 2650 columna
1123 2585 1237 2651 Christi
1286 2565 1289 2572 ¹

244 2678 375 2749 firmabit
387 2685 556 2750 Ecclesiam
576 2697 682 2750 contra
693 2685 909 2770 impugnantes
921 2685 1008 2749 afide
1020 2685 1209 2750 discedentes
1226 2713 1233 2759 ·,

244 2791 277 2849 et
298 2786 379 2868 quod
399 2786 589 2851 discederent
608 2786 732 2869 spiritus
752 2783 912 2849 manifeste
926 2785 1011 2850 dicit.
1039 2820 1079 2834 -
1104 2786 1148 2846 Et
1165 2807 1238 2846 cou-

244 2893 403 2949 teriotam
420 2885 432 2973 ]
445 2885 633 2959 Cauterium,
653 2883 766 2949 ferrum
781 2906 842 2968 quo
858 2884 994 2949 aduritur
1006 2885 1049 2948 rei
1063 2882 1166 2948 facies.
1193 2920 1236 2930 —

244 2982 479 3049 Prohibentium
499 2985 626 3061 nubere,
644 2999 702 3049 etc.
719 2985 731 3072 l
748 2986 945 3069 Praecipitat,
967 2991 1001 3048 ut
1018 2983 1180 3048 interdicat
1194 2982 1239 3046 eis

244 3105 386 3167 spernere
405 3087 505 3162 cibos,
528 3108 589 3149 non
610 3088 734 3161 nubere,
756 3103 788 3151 et
811 3084 976 3168 praedicare
997 3105 1052 3168 per
1074 3084 1234 3166 spiritum;

245 3185 386 3267 quiahoc
400 3187 577 3271 pmhibetur
590 3188 639 3262 ¹eis
655 3209 673 3250 a
689 3185 974 3271 pseudoapostolis.
1002 3220 1042 3233 -
1067 3185 1146 3246 Haec
1159 3205 1238 3268 pro-

239 3308 364 3371 ponens
366 3287 541 3375 fratribus.
556 3287 568 3374 ]
585 3288 706 3371 Duplex
728 3286 921 3351 commodum
932 3285 988 3349 sibi
1003 3284 1164 3368 promittit,
1179 3283 1238 3348 sci-

245 3384 316 3451 licet
325 3388 398 3471 quia
409 3389 508 3453 bonus
523 3389 670 3461 minister,
685 3396 717 3452 et
728 3387 897 3451 doctrinam
909 3386 976 3469 ipso
987 3406 1044 3448 usu
1053 3383 1235 3466 assequitur,

246 3520 290 3533 -
316 3485 499 3575 corporolia
519 3495 715 3550 exercitatio.
729 3485 741 3572 ]
755 3488 855 3550 Datur
872 3485 1012 3571 intelligi,
1027 3485 1099 3568 quia
1111 3484 1142 3545 in
1158 3482 1237 3566 vigi-

246 3585 304 3664 liis,
313 3588 447 3675 jejuniis,
455 3588 707 3653 laboremanuum
714 3586 867 3652 etcaeteris
873 3585 1076 3668 corporalibus
1084 3582 1237 3647 laboribus

246 3709 280 3753 se
291 3691 464 3768 exercebat,
481 3689 622 3772 operibus
636 3687 848 3753 misericordiae
864 3708 924 3749 non
936 3687 1012 3750 adeo
1023 3685 1167 3747 intentus
1195 3717 1235 3730 -

247 3787 492 3852 Promissionem
504 3788 622 3851 habens
636 3797 726 3850 ottae.
735 3787 747 3874 ]
756 3787 838 3867 Quia
848 3806 902 3869 per
916 3805 1009 3869 opera
1025 3783 1134 3847 melius
1148 3782 1240 3845 habet

248 3886 337 3949 homo
347 3895 379 3951 et
392 3888 423 3951 in
439 3889 494 3952 hoc
505 3888 613 3952 saeculo
628 3894 660 3951 et
674 3889 705 3950 in
720 3886 834 3952 sutum.
863 3921 902 3934 -
927 3884 992 3946 Per
1000 3879 1240 3970 prophetiam]

248 3985 443 4069 Prophetiam
454 3997 544 4054 vocat
558 3987 787 4070 inspirationem
805 3987 902 4049 sancti
918 3984 1063 4067 Spiritus
1078 3992 1239 4065 perquam

248 4085 423 4168 praesciebct
437 4088 512 4172 quid
523 4087 623 4151 dehoc
635 4096 665 4151 et
674 4087 712 4150 de
722 4086 839 4150 cacteris
851 4091 931 4147 esset
943 4090 1075 4146 acturus¹
1094 4117 1133 4130 -
1147 4081 1242 4144 Proa-

248 4185 371 4269 byterie'.
390 4187 401 4274 ]
420 4188 607 4275 Presbyterii
621 4189 887 4273 presbyterorum;
912 4183 1069 4266 pauciores
1089 4181 1169 4243 enim
1181 4178 1237 4242 tri·

249 4289 303 4350 bus
324 4308 390 4352 esse
409 4309 468 4351 non
484 4295 622 4371 possunt,
640 4295 671 4351 et
692 4294 781 4350 vocat
804 4286 1015 4369 presbyterum
1038 4281 1234 4363 Episcopum.
