3184 5442
728 802 732 809 ,
768 751 799 790 o.
826 748 998 790 murmuri

701 1131 704 1135 ⁴
814 1080 884 1123 cnr.
911 1081 958 1121 111.

436 1254 506 1314 Hoc
530 1265 633 1314 autem
656 1260 756 1329 seito,
771 1264 829 1312 etc.
844 1249 950 1336 ]Dum
969 1258 1090 1334 tempus
1111 1258 1159 1312 est
1172 1250 1335 1327 ironeam,
1355 1261 1389 1316 et

392 1351 558 1436 suscipiunt
578 1351 767 1426 doctrinam,
790 1351 994 1434 corrigantur;
1010 1372 1071 1413 non
1088 1351 1169 1412 enim
1187 1350 1244 1414 hoo
1266 1371 1390 1434 semper

391 1451 511 1517 facient.
529 1455 572 1516 Et
592 1452 650 1516 hoo
670 1460 718 1516 est
732 1453 814 1535 quod
828 1451 918 1514 dicit:
938 1453 1008 1514 Hoc
1023 1465 1126 1514 autem
1141 1459 1221 1513 seito
1230 1499 1241 1529 ,
1256 1464 1316 1514 etc.
1345 1488 1387 1501 -

391 1552 653 1615 Persecutionem.
664 1551 675 1638 ]
687 1553 765 1615 Haeo
782 1552 953 1634 persecutio
976 1552 1139 1636 aliquando
1158 1574 1178 1616 a
1200 1551 1306 1628 vitiis,
1327 1552 1387 1615 ali-

392 1654 513 1737 quando
538 1675 557 1716 a
582 1652 780 1727 damonibus,
799 1672 1016 1735 nonnunquam
1039 1652 1078 1714 ab
1099 1650 1287 1736 hominibus,
1305 1672 1388 1734 saepe

392 1754 431 1815 ab
443 1753 590 1816 omnibus.
620 1788 659 1800 -
684 1752 850 1839 Scriptura
865 1751 1026 1817 divinitus.
1037 1751 1048 1837 ]
1058 1750 1202 1816 Ostendit
1211 1771 1279 1834 quae
1291 1751 1389 1833 serip-

393 1861 469 1916 turae
483 1873 584 1916 amem
601 1852 758 1917 obtineant
777 1852 977 1925 auctoritatis,
992 1851 1132 1915 videlieet
1148 1871 1215 1934 quae
1226 1872 1281 1934 per
1295 1850 1388 1934 spiri-

393 1961 458 2015 tum
474 1953 599 2036 prolatae
614 1960 696 2016 sunt.

815 2253 884 2294 CAP.
913 2251 955 2292 IV.

436 2425 652 2510 Prudentem]
669 2425 705 2488 Id
733 2434 801 2496 est,
826 2426 929 2499 leves,
958 2427 1137 2500 instabiles,
1158 2447 1239 2490 nova
1265 2449 1389 2511 semper

392 2524 496 2586 audire
508 2525 653 2589 volentes
680 2562 724 2573 -
752 2523 841 2612 Opus
847 2525 903 2607 foe
915 2526 1141 2613 Evangelistoe.
1152 2525 1164 2613 ]
1175 2527 1262 2610 Opus
1277 2529 1388 2592 Evan—

392 2624 508 2708 gelistae
522 2633 587 2702 est,
602 2626 808 2702 benevivere,
825 2636 858 2690 et
871 2629 948 2690 bene
961 2629 1078 2692 dicere:
1093 2629 1227 2690 moribus
1238 2636 1270 2691 et
1285 2629 1388 2692 verbis

392 2725 545 2811 subjectos
570 2726 729 2791 instruere.
759 2764 798 2776 -
823 2729 895 2814 Ego
918 2726 1111 2814 enimjam.]
1132 2727 1227 2806 Quasi
1249 2727 1385 2791 diceret:

393 2825 466 2888 Ideo
487 2833 551 2888 tam
572 2826 705 2890 studiose
724 2835 755 2890 te
775 2849 905 2902 moneo,
923 2828 994 2911 quia
1008 2828 1039 2890 in
1059 2826 1201 2910 praesenti
1224 2825 1388 2890 moriturus

393 2947 482 3001 sum,
504 2933 535 2988 te
557 2935 665 3009 postea
683 2948 744 2989 non
764 2927 941 2990 moniturus
966 2964 1010 2976 —
1032 2927 1070 2988 In
1097 2925 1248 3013 reliquo]
1261 2925 1299 2988 Id
1317 2935 1385 3002 est,

392 3026 509 3109 reliqua
519 3026 697 3091 aeternitatis
707 3033 807 3111 parte,
818 3047 886 3110 quae
896 3027 1002 3089 instat.
1031 3061 1070 3074 -
1097 3024 1276 3108 Adventum
1288 3026 1390 3113 quest]

393 3127 570 3190 Adventum
596 3127 708 3191 Christi
729 3126 858 3210 diligunt
877 3126 928 3209 qui
947 3147 966 3188 a
986 3125 1074 3188 malis
1093 3132 1235 3196 cessant;
1257 3133 1289 3189 et
1308 3126 1391 3188 bona

393 3224 524 3289 faciunt:
540 3227 570 3289 hi
585 3227 707 3291 enimin
722 3226 772 3290 die
779 3225 885 3312 judieii
901 3226 1038 3288 damnari
1051 3245 1109 3287 non
1122 3232 1273 3288 metuunt.

669 3595 731 3639 KH.
752 3593 787 3640 IN
806 3595 906 3641 EPIST.
927 3597 973 3642 al)
991 3596 1109 3642 TITUM.

829 3871 897 3912 CAP.
922 3873 943 3912 1.

440 4075 644 4155 Agnitionem
663 4065 841 4152 veritatis]
856 4068 980 4131 Veritas
996 4072 1160 4134 secundum
1173 4070 1320 4154 pietatem
1334 4123 1340 4146 ‚
1358 4073 1389 4136 id

393 4178 441 4233 est
455 4168 662 4233 Christianam
681 4167 867 4250 religionem,
884 4175 942 4246 est,
958 4180 1125 4232 oreatorem
1140 4179 1308 4234 creaturam
1324 4170 1390 4236 sac-

394 4279 459 4332 tum
473 4321 479 4346 ‚
498 4268 651 4330 hominem
666 4268 703 4330 de
717 4267 841 4350 Virgine
853 4276 959 4332 natum
975 4319 981 4346 ,
995 4279 1149 4334 mortuum
1165 4271 1389 4348 resurrexisse,
