3184 5442
403 715 467 777 174
776 733 807 772 o.
834 730 1018 772 muranum.

403 881 451 937 est
471 874 583 936 veritas
601 873 684 956 ipsa,
708 871 763 934 sed
775 870 945 936 Ecclesiam
966 870 1214 955 malignantium,
1238 875 1401 939 concilium

403 972 559 1049 vanitatis
577 993 633 1036 nec
645 970 868 1054 Apostolicam,
885 969 940 1032 sed
954 970 1060 1033 sedem
1072 970 1227 1035 Sathanae.
1245 1004 1258 1026 n

447 1074 564 1136 Laura.
588 1073 660 1136 Non
672 1071 800 1134 deberes
814 1069 928 1132 dicere:
949 1069 1129 1147 Consentio,
1146 1071 1246 1155 iuquit
1260 1073 1403 1157 Burgun-
1447 1113 1451 1119 -

403 1175 475 1253 dus,
493 1173 547 1237 sed
561 1172 716 1237 consentio
739 1190 796 1254 ego
817 1170 1038 1253 Berengarius,
1058 1177 1113 1234 tua
1130 1171 1210 1235 enim
1224 1173 1288 1237 hac
1304 1177 1402 1239 verba

402 1271 534 1349 fuerunt,
547 1272 611 1336 haec
624 1279 655 1335 te
670 1271 792 1335 credere
808 1277 949 1333 sanctum
961 1269 1122 1334 concilium
1132 1270 1277 1348 fefellisti,
1290 1273 1357 1336 haec
1368 1281 1401 1337 te

403 1379 593 1437 servaturum
612 1371 808 1458 jurejurando
825 1369 965 1433 firmasti.
983 1370 1175 1436 Venerabilis
1192 1373 1397 1447 Humbertus,
1415 1409 1417 1413 ,

403 1494 495 1556 quem
511 1471 597 1556 quasi
612 1471 823 1554 exprobrando
837 1469 1038 1554 Burgrmdum
1056 1471 1211 1547 nominas,
1236 1474 1325 1554 quasi
1338 1494 1401 1536 non

403 1573 500 1657 possit
515 1575 598 1636 Deus
612 1572 723 1638 habere
741 1570 771 1633 in
785 1569 963 1653 Burgundia
983 1590 1087 1634 servos
1109 1591 1202 1634 suos:
1220 1572 1295 1634 nihil
1316 1572 1401 1636 aliud

402 1672 485 1750 fecit,
499 1673 557 1736 nisi
568 1673 651 1756 quod
663 1671 844 1754 scripturam
857 1669 956 1752 ipsam
970 1669 1164 1753 praecipiente
1175 1673 1294 1756 synodo
1305 1693 1400 1736 manu

404 1774 435 1837 in
447 1794 572 1837 manum
587 1772 643 1836 tibi
660 1769 808 1855 porrexit.
835 1769 949 1832 Verum
969 1790 988 1831 ο
1003 1768 1109 1832 infelix
1124 1771 1225 1834 anima
1239 1772 1278 1834 de
1291 1771 1401 1837 haeresi

293 1945 296 1948 Α
405 1874 446 1936 ad
458 1873 622 1959 perjurium
637 1873 721 1955 prius
737 1869 892 1943 transisti;
914 1889 994 1933 nunc
1013 1869 1125 1933 iterum
1146 1871 1184 1932 de
1207 1871 1340 1956 perjurio
1359 1874 1401 1936 ad

404 1973 545 2036 haeresim
560 1972 701 2036 remeasti
724 1994 730 2033 ε
760 1977 924 2053 propterea
946 1969 1076 2033 traditus
1095 1970 1127 2032 in
1146 1971 1309 2052 reprobum
1328 1991 1399 2034 seu-

403 2093 471 2136 sum
483 2081 620 2136 sanctam
636 2071 808 2134 Romanam
823 2067 1002 2144 Ecclesiam,
1020 2089 1113 2133 vocas
1127 2068 1296 2133 Ecclesiam
1307 2070 1399 2133 mali-

403 2172 572 2255 gnantium,
595 2170 754 2234 concilium
778 2167 940 2242 vanitatiS,
961 2167 1065 2231 sedem
1087 2168 1242 2232 Sathanae.
1268 2169 1314 2232 Et
1341 2169 1400 2234 hoc

402 2271 495 2353 impio
511 2291 562 2332 ore
577 2268 714 2352 garristi,
733 2268 814 2351 quod
831 2265 962 2351 garrisse
977 2287 1068 2330 nemo
1083 2266 1209 2350 legitur,
1228 2288 1289 2330 non
1303 2267 1402 2332 haere-

403 2369 495 2444 tiens,
521 2389 581 2430 non
604 2367 834 2442 schismaticuS,
864 2389 924 2430 nou
946 2366 1041 2430 falsus
1062 2367 1171 2451 aliquis
1192 2368 1397 2435 Christianus.

404 2468 563 2549 Quotquot
578 2454 658 2529 enim
673 2466 868 2549 aprimordio
885 2464 1055 2532 christiana
1070 2468 1214 2532 Ecclesia
1232 2467 1401 2534 Christiani

403 2566 533 2629 nominis
548 2565 696 2649 dignitate
714 2565 835 2651 gloriati
850 2576 937 2646 sunt,
954 2567 1012 2630 etsi
1027 2567 1121 2651 aliqui
1140 2567 1245 2632 relicto
1259 2569 1401 2634 veritatis
1418 2601 1420 2604 ·

403 2665 527 2731 tramite
538 2686 594 2748 per
602 2665 692 2728 devia
703 2665 813 2728 erroris
824 2665 962 2729 incedere
974 2667 1165 2741 malueruut;
1180 2669 1284 2731 sedem
1293 2676 1400 2733 tamen

405 2767 487 2831 beati
504 2765 589 2829 Petri
609 2765 753 2849 Apostoli
776 2765 935 2850 magnifice
956 2766 1199 2848 honoraverunt,
1222 2767 1400 2852 nullamque
1479 2835 1484 2840 ,

404 2868 550 2931 adversus
566 2887 634 2929 eam
650 2865 822 2952 hujusmodi
836 2866 1056 2948 blasphemiam
1070 2868 1119 2932 vel
1130 2867 1245 2944 dicere,
1259 2867 1310 2932 rel
1321 2871 1400 2933 scri-

403 2971 476 3032 bere
495 2973 760 3050 praesumpserunt.
783 2967 874 3044 Quod
893 2966 1098 3032 indubitatum
1113 2968 1205 3032 habet
1223 2968 1278 3052 qui
1293 2990 1399 3034 eorum

405 3069 518 3152 scripta
529 3067 615 3152 legit,
627 3088 695 3150 quae
708 3065 836 3130 diversis
847 3065 1045 3148 temporibus,
1062 3088 1099 3131 ac
1113 3067 1241 3131 diversis
1252 3069 1402 3133 decausis

405 3171 492 3232 sedes
512 3167 680 3250 apostolica
695 3167 734 3229 ab
755 3166 799 3228 eis
812 3165 1008 3241 transmissa,
1034 3166 1082 3228 vel
1106 3173 1246 3249 porrecta
1270 3169 1397 3253 recepit.

405 3268 545 3351 Denique
559 3267 624 3351 ipse
638 3265 788 3331 Dominus
803 3264 965 3329 honorifice
981 3265 1146 3348 alloquitur
1161 3287 1229 3329 eam
1247 3266 1280 3330 in
1293 3269 1400 3332 Evan-

406 3366 497 3448 gelio,
515 3365 635 3428 dicens:
651 3366 724 3429 «Tu
739 3386 772 3427 es
781 3366 904 3440 Petrus
923 3373 955 3428 et
969 3386 1061 3448 super
1076 3366 1155 3430 hanc
1168 3372 1289 3448 petram
1304 3368 1400 3431 redifi-

404 3466 479 3526 caho
498 3462 666 3526 Ecclesiam
687 3483 798 3526 meam.
818 3466 861 3527 Et
887 3472 984 3547 porta
1005 3464 1091 3528 inferi
1109 3485 1170 3528 non
1190 3467 1401 3548 prevalebunt

404 3558 550 3622 adversus
559 3579 643 3632 eam,
658 3566 689 3621 et
704 3558 759 3621 tibi
773 3559 853 3622 dabo
867 3561 968 3624 claves
980 3561 1065 3645 regni
1077 3562 1239 3636 eoelorum;
1257 3569 1290 3626 et
1301 3566 1400 3646 quod-

404 3679 534 3740 cumque
545 3656 689 3741 ligaveris
702 3678 794 3740 super
809 3666 933 3735 terram,
947 3661 1005 3724 erit
1019 3660 1148 3746 ligatum
1159 3668 1191 3726 et
1203 3661 1236 3724 in
1249 3663 1354 3738 coelis;
1369 3675 1401 3729 et

404 3759 615 3840 quodcumque
629 3757 754 3821 solveris
764 3778 857 3840 super
871 3766 985 3823 terram
995 3762 1053 3825 erit
1064 3762 1195 3826 solutum
1205 3769 1237 3826 et
1253 3761 1286 3825 in
1300 3764 1398 3828 coelis.

403 3858 480 3935 Quae
495 3856 619 3920 tametsi
635 3857 673 3918 de
687 3858 860 3939 pastoribus
875 3867 987 3922 sanctae
1000 3860 1144 3924 Ecclesia
1158 3860 1241 3925 dicta
1251 3881 1320 3926 esse
1331 3884 1399 3927 cre·

402 3957 530 4031 dantur,
553 3962 584 4019 et
605 3956 819 4038 aquibusdam
843 3958 999 4021 catholicis
1017 3967 1227 4042 exponantur:
1245 3962 1399 4046 pracipue

403 4063 507 4119 tamen
521 4054 559 4117 de
569 4055 712 4119 Romana
722 4054 861 4119 Ecclesia
875 4056 1070 4140 intelligenda
1082 4080 1149 4122 esse
1160 4059 1238 4124 sacri
1253 4081 1396 4138 canones,

403 4162 435 4217 et
446 4154 627 4218 Pontificum
640 4156 762 4219 decreta
774 4161 937 4218 testantur.
