3184 5442
553 775 670 819 ocosse
694 777 726 818 ru
750 777 799 818 ar.
826 778 866 818 no
889 778 1034 821 comare.
1251 762 1293 822 79

294 919 394 986 Arma
409 917 525 982 militiae
536 916 707 981 christiana
720 925 793 981 sunt
807 917 936 981 virtutes
951 969 958 992 ,
973 938 1042 1000 quae
1067 927 1209 1001 potentes
1222 930 1294 986 sunt

294 1019 408 1084 auxilio
436 1017 519 1094 Dei,
543 1025 579 1082 ut
604 1017 764 1080 destruant
785 1017 904 1080 mimita
927 1017 1057 1081 diversis
1079 1019 1294 1085 calliditatibus

294 1119 420 1184 consilia
433 1118 694 1191 adversariorum,
712 1116 777 1180 sive
788 1116 963 1193 hominurn,
982 1136 1037 1181 seu
1050 1119 1223 1183 demonum.
1251 1156 1291 1170 -

299 1217 443 1282 Consilia
465 1215 693 1301 destruentes]
722 1215 880 1299 Superiori
899 1216 1058 1280 sententiae
1083 1220 1291 1303 conjungitur.

295 1339 356 1382 non
371 1318 538 1382 secundum
554 1337 676 1380 carnem
696 1315 873 1379 militamus.
902 1351 942 1364 -
966 1316 1006 1377 In
1024 1315 1239 1405 obsequium]
1257 1321 1292 1384 ln

209 1459 215 1468 ·
296 1438 352 1500 pro
367 1423 475 1482 contra
487 1417 617 1501 intelligi
628 1421 748 1498 potest,
767 1422 804 1478 ut
824 1416 865 1479 sit
878 1435 997 1479 serrsus.
1014 1416 1231 1499 Captivantem
1243 1421 1291 1483 in-

297 1518 452 1582 tellectum
476 1517 517 1580 ad
541 1515 718 1598 obsequium
733 1512 869 1589 Christi;
886 1515 936 1578 vel
952 1515 1157 1605 intellectum,
1172 1520 1225 1602 qui
1246 1529 1295 1584 est

296 1623 403 1682 contra
427 1615 606 1700 obsequium
623 1614 749 1680 Christi.
773 1615 810 1677 Id
832 1626 896 1690 est,
919 1615 1080 1700 diligenter
1105 1618 1294 1684 considerate

296 1738 391 1801 opera
402 1738 506 1780 eorum
520 1716 574 1800 qui
589 1716 621 1780 iu
643 1722 808 1798 conspectu
818 1721 922 1778 vestro
937 1722 1057 1779 tanturn
1072 1719 1154 1781 bona
1175 1728 1290 1804 agunt,

296 1837 336 1880 ne
345 1816 426 1883 sorte
436 1838 493 1881 vos
503 1818 660 1881 seducant
687 1853 731 1866 -
753 1815 838 1878 Nam
853 1824 914 1878 etsi
929 1816 1077 1901 amplius.
1088 1816 1100 1902 ]
1111 1818 1206 1896 Quasi
1217 1820 1295 1884 dice

297 1923 364 1980 ret:
381 1917 508 1982 Possem
520 1916 632 1993 dicere,
651 1915 796 2000 Apostoli
811 1937 927 1990 sumus,
942 1923 974 1979 et
988 1916 1056 1999 plus
1069 1917 1157 1980 nobis
1173 1919 1295 1982 obedire

296 2016 426 2080 debetis.
454 2053 494 2067 -
518 2016 592 2080 Non
614 2016 807 2079 erubescam.
821 2015 833 2101 ]
848 2015 962 2080 Merito
985 2017 1197 2096 erubesceret,
1212 2018 1238 2079 si
1261 2039 1296 2082 se

296 2115 484 2199 Apostolum
495 2116 619 2193 diceret,
634 2125 666 2180 et
675 2139 737 2180 non
752 2125 843 2180 esset.
870 2153 911 2165 -
933 2116 1007 2180 Non
1022 2123 1196 2178 existimer.
1205 2116 1216 2203 ]
1226 2117 1296 2182 Hoc

296 2215 371 2281 dicit
382 2216 539 2280 occasione
549 2215 630 2279 illius
645 2216 804 2280 sententiae
815 2268 820 2289 ,
835 2237 927 2299 quarn
939 2216 1078 2300 superius
1090 2216 1183 2292 dixit,
1196 2218 1296 2300 parati

251 2338 257 2350 ¹
297 2315 401 2380 ulcisci
414 2337 537 2380 omnem
550 2315 804 2381 inobedientiam:
820 2323 871 2393 ut,
890 2317 1009 2399 inquit,
1027 2338 1089 2380 non
1105 2317 1263 2381 existimer
1276 2339 1296 2381 a

297 2415 385 2478 vobis
408 2422 555 2498 tanquam
575 2422 708 2492 terrere,
724 2415 807 2498 quod
821 2415 920 2479 minor
936 2415 1062 2497 implere
1076 2440 1083 2490 ;
1098 2417 1201 2481 sciatis
1214 2420 1296 2501 quod

297 2514 396 2578 minor
412 2515 503 2579 dictis
512 2515 645 2598 implebo
660 2513 760 2580 laetis.
785 2550 831 2562 —
853 2514 927 2577 Non
942 2524 1026 2577 enim
1041 2515 1231 2603 audoueus]
1247 2519 1296 2581 ln-

299 2615 372 2678 serit
386 2622 418 2678 et
435 2636 609 2698 comparem
622 2637 655 2678 se
669 2614 743 2678 facit
754 2615 906 2698 aliquibus
918 2667 924 2689 ,
938 2615 990 2698 qui
1005 2636 1098 2698 opera
1112 2637 1216 2679 eorum
1230 2617 1296 2680 imi·

299 2721 415 2778 tantur.
440 2716 533 2791 Non,
564 2716 683 2799 inquit,
706 2716 849 2791 vvolumus
868 2716 984 2779 imitari
1007 2737 1082 2790 eos,
1108 2717 1160 2799 qui
1181 2717 1297 2800 seipsos

298 2812 547 2876 commendantes
558 2812 721 2876 adulantur
731 2812 836 2875 vobis:
848 2813 902 2875 sed
911 2813 992 2876 bona
1002 2818 1106 2875 vestra
1116 2812 1293 2884 laudamus;

301 2911 545 2995 malapunimus.
560 2912 676 2991 Quales
687 2914 800 2986 verbo,
815 2912 909 2986 taleS,
924 2919 957 2974 et
971 2909 1062 2976 facto.
1091 2947 1132 2960 -
1156 2910 1223 2973 Sed
1234 2920 1297 2997 ipsi

302 3018 336 3072 in
362 3010 489 3098 nodia]
509 3012 675 3076 Metientes
705 3033 811 3076 sumus
841 3012 1061 3093 nosmetipsos;
1077 3010 1110 3072 id
1136 3017 1200 3085 est,
1229 3031 1298 3073 con-

301 3110 436 3177 scientiis
458 3111 569 3176 nostris
588 3119 804 3193 comparantes
825 3110 1028 3192 nosmetipsos
1046 3108 1153 3181 nobis,
1171 3109 1204 3172 id
1224 3116 1293 3185 est,

301 3211 414 3276 uostris
441 3210 600 3294 operibus,
632 3210 765 3275 viribus:
787 3231 827 3273 ne
853 3209 938 3294 plus,
957 3208 1006 3271 vel
1027 3208 1110 3271 aliud
1139 3207 1293 3282 dieamus;

302 3311 351 3374 vel
363 3331 507 3375 ooueurur
520 3323 589 3393 quae
605 3308 706 3374 facere
717 3309 882 3394 possimus,
897 3308 947 3372 vel
961 3309 1136 3372 debeamus.
1165 3344 1205 3356 —
1228 3308 1298 3372 Nos

302 3423 407 3473 arcem
418 3418 452 3472 in
464 3417 661 3472 immensum.
675 3408 733 3495 ]In
748 3415 886 3485 tautum,
904 3408 1017 3492 inquit,
1038 3408 1246 3493 gloriabimur,
1263 3422 1299 3475 ut

302 3518 425 3575 vestros
438 3531 506 3574 esse
517 3511 685 3595 Apostolos
697 3532 753 3574 nos
762 3510 916 3574 dicamus:
930 3510 994 3573 haeo
1004 3518 1052 3573 est
1062 3509 1144 3574 enim
1156 3531 1299 3575 mensura

303 3610 407 3697 gloriae
423 3618 536 3674 nostra
549 3662 556 3686 ,
571 3631 664 3694 quam
679 3631 804 3674 mensus
816 3619 864 3675 est
884 3610 971 3674 nobis
988 3611 1085 3674 Deus.
1114 3645 1154 3659 —
1179 3612 1299 3674 Secura-

303 3710 377 3773 dum
391 3732 571 3773 mensuram
586 3708 737 3796 regule]
751 3709 888 3792 Exponit
907 3711 1059 3793 quomodo
1071 3709 1300 3795 intelligendum

303 3815 344 3879 sit
370 3814 454 3896 quod
476 3812 615 3896 superius
637 3813 734 3877 dixit:
757 3813 790 3875 in
813 3813 995 3877 immensum
1025 3814 1231 3898 gloriabimur.
1259 3850 1299 3862 -

304 3911 515 3996 Pertingeadi
527 3935 624 3999 usque
636 3912 682 3974 ad
693 3911 788 3998 voa]
801 3914 948 3976 Mensura
957 3920 1069 3977 nostrae
1080 3914 1302 3996 praedicationis

304 4011 452 4096 pertingit
460 4033 557 4095 usque
568 4013 608 4076 ad
618 4034 690 4087 vos;
704 4013 737 4076 id
748 4020 814 4088 est,
827 4035 882 4096 per
897 4033 1069 4077 mensuram
1080 4013 1298 4096 praedicamus,

306 4111 378 4194 quia
396 4111 586 4176 invasionem
597 4134 656 4176 uon
673 4112 813 4178 facimus.
831 4115 874 4178 Et
889 4113 947 4178 hoc
962 4122 1010 4177 est
1026 4114 1107 4197 quod
1119 4114 1209 4178 dicit:
1227 4113 1303 4176 Non

306 4219 390 4274 euim
398 4259 409 4290 ,
422 4224 483 4276 etc.
511 4249 551 4262 -
580 4212 682 4299 Quasi
693 4237 756 4277 non
762 4222 994 4301 pertingentes.
1008 4213 1064 4300 ]si
1081 4213 1132 4276 alii
1143 4224 1215 4278 ante
1223 4214 1302 4277 hunc

306 4313 493 4400 Apostolum
515 4312 547 4376 in
564 4313 778 4397 praedicatione
801 4312 1026 4378 Corinthiorum
1046 4312 1253 4382 laborassent,
1272 4319 1303 4375 et
