3184 5442
560 751 768 792 rnrcrnroiuu
793 753 860 793 sne
884 755 1039 796 numero.
1231 741 1297 802 ’289

342 887 395 950 18.
424 889 472 950 De
489 912 653 974 corporum
668 891 791 953 dotibus
805 901 837 953 in
851 892 957 954 beatur.

339 989 381 1050 D.
410 990 595 1052 Levosti‘me
610 1012 702 1070 super
717 1013 777 1054 me.
799 993 876 1055 Haeo
889 1008 959 1056 sunt
970 1016 1037 1076 quae
1049 998 1220 1079 concupivit
1230 1001 1296 1062 ani-

295 1109 429 1150 mamea
443 1090 558 1152 audire.
579 1092 666 1175 Rogo
679 1100 723 1164 te,
743 1093 808 1155 haeo
820 1093 969 1174 aliquibus
984 1095 1083 1157 modis
1095 1098 1241 1178 exprime.
1252 1133 1297 1146 -—

295 1189 340 1250 M.
371 1187 549 1251 Placeretne
566 1189 619 1252 tibi
632 1190 658 1251 si
672 1211 755 1252 esses
769 1192 814 1252 ila
826 1192 950 1272 pulcher
961 1206 995 1256 ut
1005 1196 1153 1269 Absalon,
1168 1198 1200 1258 in
1212 1201 1297 1283 eujus

295 1308 420 1370 corpore
435 1310 495 1350 non
507 1296 572 1350 erat
587 1290 723 1359 macula,
742 1297 774 1352 et
790 1291 876 1374 oujus
891 1312 979 1354 corna
995 1295 1090 1356 inulto
1106 1296 1203 1377 pretio
1220 1319 1296 1379 pon-

296 1388 459 1450 derabatur
472 1389 613 1471 praeoisal

339 1489 380 1550 D.
408 1488 561 1573 Ogloria!
577 1526 616 1537 —
634 1491 682 1553 M.
706 1492 789 1568 Quid
809 1493 833 1552 si
855 1513 924 1554 cunr
939 1493 995 1555 hoc
1008 1494 1115 1557 decore
1129 1516 1211 1559 esses
1230 1505 1294 1560 tarn

296 1587 385 1650 velox
397 1610 489 1670 quom
507 1589 621 1660 Asael,
640 1590 691 1671 qui
704 1612 792 1653 cursu
807 1591 920 1673 pedum
935 1590 1139 1673 praeveitebat
1153 1616 1291 1676 capreas.

340 1688 381 1749 D.
408 1688 567 1771 Ogralial
585 1724 624 1734 -
639 1689 685 1751 M.
704 1690 786 1769 Quid
801 1690 826 1751 si
842 1711 910 1752 oum
930 1690 977 1752 his
1000 1691 1116 1754 duobus
1141 1693 1187 1756 ita
1211 1715 1295 1758 esses

286 1785 381 1854 ,fortis
397 1794 432 1849 ut
448 1788 597 1860 Samson,
620 1787 671 1869 qui
688 1789 769 1850 mille
788 1788 870 1850 viros
892 1798 1027 1852 armatos
1049 1793 1215 1874 prostravit
1234 1815 1295 1856 una

296 1887 486 1950 mandibulal

338 1989 378 2050 D.
404 1988 432 2051 Ο
446 1988 552 2070 ingens
569 1989 676 2050 decus!
694 2024 732 2036 -
755 1990 802 2051 M.
821 1988 901 2064 Quid
917 1990 942 2050 si
958 2011 1026 2052 oum
1042 1990 1089 2053 his
1104 1991 1199 2053 tribus
1211 2012 1294 2054 esses

295 2099 358 2152 lam
372 2088 446 2151 liber
461 2110 553 2172 quam
571 2089 743 2173 AugustuS,
762 2089 809 2152 oui
826 2096 908 2151 tolus
919 2091 1049 2153 mundus
1061 2091 1202 2154 servivil‘l

339 2189 378 2251 D.
403 2189 431 2252 Ο
445 2188 608 2251 claritudo!
629 2225 668 2236 -
683 2190 729 2251 M.
751 2188 833 2266 Quid
849 2188 875 2251 si
890 2209 958 2250 oum
976 2189 1022 2250 his
1037 2199 1167 2272 quatuor
1179 2191 1222 2253 ita
1236 2214 1292 2255 vo-

295 2288 412 2370 luptate
427 2285 568 2350 afflueres
583 2295 617 2351 ut
632 2288 795 2361 Salomon,
817 2288 869 2370 qui
884 2310 1040 2371 nunquam
1058 2290 1139 2351 cordi
1159 2311 1214 2352 suo
1235 2291 1291 2352 ali-

296 2387 367 2469 quid
383 2389 553 2471 denegabat
565 2388 648 2470 quod
660 2388 867 2450 desiderabatl
1264 2382 1269 2387 ’

339 2489 378 2551 D.
407 2488 435 2551 Ο
450 2488 592 2552 dulcedo!
616 2525 654 2535 -
669 2487 716 2551 M.
731 2489 813 2566 Quid
826 2489 851 2551 si
863 2511 932 2552 oum
944 2490 990 2552 his
1003 2489 1137 2573 quinque
1147 2491 1293 2554 itasanus

295 2608 377 2650 esses
388 2597 424 2651 ut
435 2589 572 2672 MoyseS,
586 2588 633 2651 cui
646 2610 801 2671 nunquam
812 2591 886 2652 dens
898 2598 998 2652 motus
1011 2600 1068 2663 est,
1083 2611 1139 2653 nec
1149 2591 1292 2674 caligavit

296 2688 416 2751 ooulusl

339 2788 378 2850 D.
406 2788 434 2851 Ο
449 2788 579 2852 sanitas!
598 2825 636 2835 -
654 2790 701 2851 M.
717 2789 800 2866 Quid
814 2790 840 2850 si
856 2789 903 2850 his
919 2789 1057 2851 omnibus
1072 2790 1182 2853 habitis
1197 2793 1290 2854 debe-

295 2907 343 2948 res
352 2887 396 2950 ita
404 2889 468 2950 fieri
477 2890 630 2973 longaevns
639 2889 896 2963 utMathusalem‚
908 2889 960 2972 qui
968 2910 1046 2971 pene
1056 2889 1095 2951 ad
1104 2889 1185 2952 mille
1196 2912 1291 2953 annos

296 2986 390 3049 vixitl

339 3088 378 3149 D.
407 3089 435 3153 O
455 3090 697 3173 magnificentia!
716 3091 795 3153 Mihi
814 3090 949 3163 videtur,
970 3090 993 3151 si
1019 3089 1066 3152 cui
1082 3089 1165 3171 optio
1186 3111 1225 3151 ex
1245 3091 1291 3153 his

295 3188 425 3272 eligendi
437 3190 577 3265 daretur,
595 3191 835 3274 unumquodque
849 3212 904 3273 pro
919 3211 1012 3272 regno
1025 3191 1092 3274 jure
1104 3190 1264 3274 eligeretur
1279 3213 1286 3252 ε

295 3290 320 3350 si
336 3289 403 3372 quis
415 3297 517 3352 autem
533 3291 586 3353 hio
596 3293 736 3354 omnibus
747 3292 888 3374 polleret.
903 3290 1011 3352 merito
1024 3290 1080 3352 toti
1094 3291 1205 3352 mundo
1217 3312 1290 3372 prae-

295 3387 434 3452 ferendus
459 3399 550 3453 esset.
575 3427 616 3438 -
638 3391 683 3453 M.
703 3392 849 3474 oporto,
871 3398 905 3452 ut
924 3390 1075 3453 interdum
1097 3390 1197 3464 sileaS,
1216 3391 1289 3452 dum

296 3489 508 3571 praestantiora
522 3492 637 3553 audioS.
654 3491 737 3568 Quid
752 3490 858 3553 sicum
874 3490 921 3552 his
936 3489 1075 3552 omnibus
1086 3490 1290 3572 superioribus

293 3587 338 3649 ita
357 3589 478 3671 sopiens
494 3610 577 3652 esses
591 3599 626 3653 ut
640 3591 804 3664 Salomon,
824 3591 871 3654 cui
886 3590 987 3653 omnia
1000 3589 1177 3653 abscondita
1192 3599 1223 3653 et
1238 3613 1289 3654 oo-

294 3688 374 3750 oulta
388 3697 477 3751 erant
492 3688 672 3753 manifestal

337 3790 377 3851 D.
405 3789 433 3852 Ο
457 3791 565 3862 decue,
588 3791 637 3853 vel
660 3791 825 3873 sapientia!
843 3828 885 3838 -
906 3791 951 3853 M.
976 3790 1056 3867 Quid
1076 3790 1101 3852 si
1122 3811 1213 3873 super
1228 3792 1291 3856 haeo

294 3909 399 3976 omnes
427 3889 564 3953 homines
588 3891 643 3953 tibi
674 3902 776 3954 essent
799 3891 903 3964 amioi,
935 3898 971 3952 ut
996 3890 1096 3953 David
1125 3891 1285 3963 Jonathae‚

294 4008 385 4069 quem
397 3989 504 4052 dilexit
515 3997 550 4052 ut
562 3990 696 4053 animam
713 4011 798 4052 suam
808 3990 826 4069 l,

337 4087 376 4149 D.
405 4088 617 4152 Obeatitudol
632 4125 676 4135 —
686 4090 732 4152 M.
746 4089 828 4166 Quid
839 4089 864 4150 si
876 4089 998 4171 insuper
1010 4109 1115 4151 omnes
1124 4088 1178 4151 tibi
1188 4099 1290 4153 essent

293 4186 337 4249 ita
348 4189 523 4263 concordeS,
538 4197 571 4250 ut
583 4188 692 4251 Laelius
702 4188 837 4270 Scipion,
851 4189 889 4251 de
902 4189 1010 4270 quibus
1022 4196 1127 4250 neuter
1139 4188 1196 4249 nisi
1208 4189 1290 4269 quod

294 4285 370 4349 alter
386 4289 501 4352 voluitl

1150 4386 1181 4431 ro
