3184 5442
296 700 359 762 182
664 725 693 764 n.
722 725 894 766 muranum

294 863 392 925 minus
415 885 453 926 ex
476 864 575 927 Maria
595 863 783 927 nascereturt
806 864 841 927 Si
864 864 1000 927 ordinem
1021 864 1199 948 quaerimus‚
1212 869 1292 956 ,viro

294 963 391 1025 mixta
404 962 529 1027 foemina
540 984 685 1048 generare
696 964 864 1042 consuevit.

342 1095 354 1116 «ι
364 1065 477 1146 Liquet
484 1063 575 1148 igitur
582 1065 664 1147 quod
670 1070 782 1147 prater
792 1072 909 1128 naturae
919 1063 1155 1150 ordinemVirgo
1165 1088 1293 1151 genera-

293 1165 349 1236 vit,
363 1172 395 1227 et
406 1164 462 1228 hoc
475 1165 558 1247 quod
573 1165 746 1229 conficimus
758 1185 867 1247 corpus
881 1185 920 1226 ex
933 1163 1058 1248 Virgine
1070 1172 1127 1229 est.
1148 1166 1230 1245 Quid
1242 1168 1292 1232 hic

294 1264 403 1347 quaeris
414 1272 531 1328 uaturae
547 1265 682 1327 ordinem
699 1264 730 1329 in
745 1263 860 1328 Christi
871 1284 1008 1347 corpore.
1024 1286 1093 1329 oum
1108 1273 1219 1349 praeter
1232 1289 1291 1331 na-

293 1374 393 1427 turam
408 1365 449 1428 sit
459 1366 525 1447 ipse
538 1364 690 1428 Dominus
700 1365 722 1426 J
723 1385 793 1427 esus
808 1370 917 1446 partus
927 1385 968 1426 ex
977 1364 1121 1448 Virgine!
1139 1398 1153 1421 n
1168 1368 1248 1430 Item
1258 1367 1291 1430 in

294 1471 403 1546 quarto
418 1465 456 1526 de
473 1464 693 1528 sacramentis:
714 1494 726 1515 u
746 1465 795 1528 Tu
814 1462 892 1527 forte
907 1463 989 1526 dices
1004 1487 1010 1526 :
1025 1464 1115 1527 Meus
1134 1467 1221 1548 panis
1242 1477 1291 1531 est

293 1564 435 1628 usitatus.
452 1565 515 1628 Sed
529 1563 618 1646 panis
632 1563 702 1638 iste,
719 1558 808 1646 panis
825 1569 873 1627 est
888 1571 961 1627 ante
974 1565 1065 1627 verba
1081 1575 1290 1631 sacramento-

295 1685 371 1726 rum.
383 1663 445 1729 Ubi
452 1663 612 1728 accesserit
619 1663 864 1737 consecratio,de
874 1683 964 1745 pane,
974 1663 1009 1725 fit
1015 1684 1125 1747 corpus
1133 1664 1257 1730 Christi.
1272 1698 1287 1720 n

295 1765 337 1828 Et
347 1766 439 1848 paulo
450 1773 532 1849 post.
552 1796 564 1817 u
579 1765 698 1830 Coelum
709 1786 769 1828 non
782 1769 860 1839 erat,
875 1784 960 1826 mare
972 1786 1032 1827 nou
1044 1773 1120 1840 erat,
1136 1773 1218 1829 terra
1230 1789 1290 1830 non

295 1872 372 1939 erat,
391 1866 445 1930 sed
459 1865 530 1929 audi
545 1864 695 1929 dicentem
712 1863 830 1936 David;
848 1864 919 1947 Ipse
936 1863 1032 1938 dixit,
1050 1873 1082 1927 et
1102 1863 1183 1929 facta
1200 1876 1297 1941 sunt,¹

295 1967 360 2048 ipse
369 1965 526 2030 mandavit
538 1973 569 2029 ct
580 1972 682 2029 creatu
694 1973 776 2028 sunt.
789 1967 873 2049 Ergo
887 1973 922 2027 ut
934 1965 989 2028 tibi
1004 1966 1216 2048 respondeam,
1231 1989 1291 2030 non

296 2075 361 2131 erat
381 2088 491 2150 corpus
509 2064 620 2130 Christi
640 2074 712 2129 ante
732 2064 1006 2135 consecrationem,
1023 2066 1077 2127 sed
1092 2074 1163 2147 post
1182 2087 1290 2130 conse-

296 2166 461 2229 crationem
474 2166 541 2228 dico
557 2165 610 2229 tibi
623 2166 694 2247 quia
705 2165 771 2249 jam
784 2173 832 2228 est
847 2184 956 2246 corpus
969 2163 1092 2228 Christi.
1111 2166 1182 2248 Ipse
1193 2167 1288 2240 dixit,

296 2270 329 2326 et
339 2260 452 2325 factum
464 2269 522 2334 est,
539 2262 605 2344 ipse
619 2263 787 2334 mandavit,
803 2266 834 2324 et
847 2269 982 2324 creatum
994 2268 1051 2324 est.
1071 2293 1084 2314 n
1099 2263 1143 2324 Et
1153 2270 1224 2345 post
1235 2264 1292 2326 ali-

298 2382 359 2442 que
377 2383 382 2422 z
401 2391 413 2415 τι
427 2362 604 2443 Antequam
621 2368 823 2432 consecretur,
835 2359 923 2442 panis
932 2366 979 2423 est
993 2381 1001 2422 :
1015 2360 1077 2425 Ubi
1086 2369 1189 2425 autem
1198 2365 1293 2427 verba

296 2460 407 2524 Christi
421 2461 613 2534 accesserint,
627 2460 746 2544 Corpus
757 2469 805 2524 est
817 2459 941 2523 Christi.
963 2461 1100 2544 Denique
1109 2462 1180 2526 audi
1190 2463 1293 2527 dioen-

296 2570 376 2639 tem;
393 2561 544 2642 Accipite,
560 2568 592 2623 et
605 2560 686 2623 edite
700 2581 785 2622 exeo
799 2580 905 2621 omncs
920 2560 1012 2624 :Hoc
1026 2568 1075 2623 est
1089 2562 1168 2624 enim
1183 2583 1293 2646 corpus

298 2681 408 2723 meum.
427 2662 471 2724 Et
485 2667 556 2723 ante
571 2662 665 2723 verba
678 2659 808 2734 Christi,
826 2659 907 2722 calix
928 2668 976 2723 est
995 2658 1058 2723 vini
1074 2669 1107 2724 et
1121 2682 1210 2744 aquae
1224 2664 1292 2747 ple-

252 2745 254 2754 ’
296 2782 354 2824 nus
368 2783 375 2823 ε
390 2761 453 2825 Ubi
466 2762 560 2824 verba
574 2760 688 2825 Christi
703 2766 830 2851 operata
844 2758 972 2832 fuerint;
995 2759 1038 2823 ibi
1053 2761 1178 2844 sanguis
1196 2763 1292 2827 effici·

296 2870 356 2936 tur,
369 2861 421 2945 qui
432 2861 552 2945 plebem
567 2860 706 2925 redemit.
718 2853 803 2945 'Ergo
813 2858 916 2922 videte
928 2861 1051 2942 quantis
1064 2861 1225 2944 generibus
1239 2885 1293 2946 po

296 2973 363 3025 tens
384 2969 432 3026 est
452 2982 551 3025 sermo
572 2960 685 3024 Christi
705 2960 848 3022 universa
871 2966 1058 3040 convertere.
1085 2961 1205 3025 Deinde
1227 2963 1293 3047 ipse

296 3062 446 3126 Dominus
461 3063 551 3125 Jesus
571 3062 748 3126 testificatur
769 3059 856 3122 nobis
875 3060 957 3141 quod
977 3080 1087 3144 corpus
1102 3082 1192 3125 suum
1212 3065 1293 3128 acci-

296 3163 416 3245 piamus
434 3174 467 3226 et
485 3163 673 3247 sanguinem.
693 3158 842 3243 Nunquid
861 3159 1009 3222 debemus
1028 3161 1066 3224 de
1084 3163 1151 3248 ejus
1167 3163 1243 3238 fide,
1261 3173 1294 3230 et

296 3263 509 3328 testificatione
527 3262 682 3327 dubitaret
709 3293 721 3314 n
743 3261 823 3323 Item
843 3258 873 3320 in
895 3265 985 3322 sexto
1004 3260 1042 3322 de
1061 3264 1261 3327 sacramentis
1281 3287 1291 3329 z

301 3395 313 3416 ιι
331 3366 421 3442 Quod
437 3372 468 3428 et
483 3363 620 3446 superius
638 3364 752 3426 dictum
770 3367 817 3424 est
834 3383 840 3420 :
856 3358 942 3422 Sicut
958 3379 1050 3424 verus
1069 3368 1116 3424 est
1136 3363 1196 3426 Dei
1215 3365 1295 3429 filius

296 3464 446 3527 Dominus
460 3470 562 3526 noster
587 3464 677 3525 Jesus
692 3461 848 3532 Christus,
870 3479 929 3521 non
956 3461 1215 3542 quemadmodum
1237 3465 1294 3529 ho-

298 3562 393 3625 mines
405 3583 459 3645 per
469 3561 611 3644 gratiam,
626 3561 681 3624 sed
696 3561 783 3643 quasi
795 3560 874 3623 tilius
885 3580 923 3621 ex
933 3561 1103 3624 substantia
1113 3562 1216 3626 Patris
1229 3586 1237 3628 r
1249 3565 1297 3630 ita

297 3681 369 3724 vera
384 3661 449 3745 ejus
463 3680 533 3723 caro
548 3665 610 3733 est,
635 3659 714 3723 siout
732 3659 799 3741 ipse
817 3658 911 3730 dixit,
935 3680 1028 3742 quam
1047 3659 1212 3743 accipimus
1229 3680 1240 3724 r
1262 3677 1296 3730 et

297 3781 387 3824 verus
401 3761 465 3845 ejus
476 3759 599 3844 sanguis
610 3769 668 3833 est,
682 3779 773 3841 quem
785 3768 938 3842 potamus.
954 3761 1018 3824 Sed
1026 3759 1104 3825 forte
1115 3761 1198 3826 dicas
1209 3768 1296 3847 quod

298 3860 439 3923 dixerunt
456 3867 528 3923 tunc
544 3859 690 3943 temporis
704 3859 797 3922 etiam
820 3860 960 3943 discipuli
979 3860 1110 3937 Christi,
1133 3848 1297 3928 audientes

297 3959 448 4023 dicentem
460 3984 466 4022 :
476 3960 547 4024 Nisi
557 3959 625 4044 quis
636 3960 866 4024 manducaverit
877 3981 998 4024 carnem
1011 3982 1124 4037 meam,
1140 3971 1172 4025 et
1183 3963 1296 4027 biberit

298 4059 474 4144 sanguinem
493 4082 611 4134 meum,
635 4083 695 4125 non
712 4059 847 4124 manebit
859 4061 890 4123 in
904 4082 968 4133 me,
988 4082 1045 4126 nec
1058 4061 1182 4127 habebit
1196 4063 1295 4127 vitam

298 4166 455 4224 aeternam.
474 4161 568 4224 Forte
582 4161 662 4226 dicat
675 4183 683 4224 :
696 4161 858 4239 Quomodo
873 4160 961 4223 ierat
984 4162 1045 4239 Qui
1065 4161 1296 4227 similitudinem

299 4259 398 4341 video,
417 4282 477 4323 non
492 4261 581 4324 video
595 4262 750 4346 sanguinis
767 4260 941 4324 veritatem.
960 4261 1063 4325 Primo
1079 4262 1214 4326 omnium
1228 4262 1294 4326 dixi
