3184 5442
308 706 311 710 .
388 669 476 711 muna
500 669 539 710 na
562 668 698 709 conpone
721 667 759 709 ar
782 668 872 709 sane.
897 669 1016 709 oonrnr.
1138 651 1200 711 173

202 816 234 872 et
245 808 369 892 sanguis
385 829 440 891 per
454 830 487 872 se
502 830 563 871 non
581 809 647 871 sine
664 809 738 871 certi
751 809 890 894 mysterii
907 809 1034 873 ratione.
1053 809 1201 886 Quamvis

201 910 261 972 alio
278 909 438 973 locutionis
459 911 550 972 modo
566 915 650 974 totus
669 909 810 972 Christus
830 909 1006 973 manducari
1020 909 1147 982 dicatur,
1169 917 1201 971 et

158 1055 161 1060 -
201 1009 353 1084 credatur,
369 1008 483 1072 scilicet
494 1029 563 1072 oum
579 1008 645 1071 vita
662 1014 791 1082 aeterna,
810 1028 877 1089 quae
892 1007 958 1090 ipse
973 1014 1035 1082 est,
1054 1007 1201 1090 spirituali

201 1107 351 1171 desiderio
364 1108 530 1191 appetitur,
546 1106 794 1171 cum‘recordatio
808 1108 1023 1170 mandatorum
1035 1109 1100 1192 ejus
1110 1129 1201 1190 super

202 1207 264 1270 mel
277 1215 310 1272 et
321 1207 424 1278 favum
438 1208 553 1271 dulcior
566 1208 598 1269 in
611 1213 714 1269 mente
727 1207 869 1282 habetur,
890 1227 960 1270 cum
979 1206 1113 1270 fraterna
1124 1208 1198 1271 cha-

202 1307 292 1383 ritas,
311 1309 396 1394 cujus
410 1308 530 1392 signum
548 1307 604 1371 hoc
622 1312 846 1369 sacramentum
866 1314 983 1391 gestat,
1010 1328 1066 1389 pro
1085 1307 1198 1370 Christi

203 1427 306 1470 amore
324 1406 469 1492 diligitur,
492 1428 561 1470 curn
581 1406 708 1468 dulciter
723 1413 817 1487 atque
835 1405 996 1469 salubriter
1009 1406 1040 1467 in
1052 1409 1199 1471 memoria

203 1505 385 1582 reconditur,
404 1505 487 1588 quod
499 1527 554 1588 pro
570 1506 667 1568 salute
682 1505 837 1566 hominum
852 1505 1041 1568 contumeliis
1055 1505 1095 1568 sit
1107 1505 1198 1568 allec-

203 1611 268 1678 tuS,
295 1625 383 1669 cruce
405 1625 587 1687 suspensus,
612 1603 705 1666 clavis
730 1603 856 1679 affixus,
882 1604 989 1668 lancea
1007 1605 1196 1668 vulneratus,

203 1703 343 1786 Utraque
365 1704 511 1766 comestio
532 1703 717 1778 necessaria,
741 1710 873 1786 utraque
900 1703 1064 1767 fructuosa.
1090 1704 1200 1768 Altera

203 1802 319 1887 indiget
330 1803 464 1878 alterius
479 1803 599 1865 utboni
615 1802 729 1885 aliquid
741 1811 894 1885 operetur.
909 1805 991 1866 Nam
1007 1803 1089 1885 prior
1103 1804 1129 1866 si
1143 1806 1198 1868 de·

203 1903 261 1978 sit,
288 1903 438 1985 posterior
458 1925 519 1964 non
537 1902 635 1966 solum
653 1910 780 1986 peccata
801 1924 861 1965 non
877 1911 1004 1986 purgat,
1031 1904 1085 1965 sed
1107 1905 1199 1968 etiam

204 2011 308 2086 auget,
326 2010 358 2065 et
369 2010 605 2085 praesumptores
613 2002 750 2087 judicat:
774 2032 787 2055 u
803 2003 864 2079 Qui
881 2003 961 2065 enim
977 2003 1150 2078 manducat,
1169 2012 1200 2068 et

203 2101 281 2165 bibit
297 2101 438 2187 indigne,
459 2103 607 2187 judicium
630 2102 686 2164 sibi
706 2103 886 2176 manducat,
908 2108 940 2163 et
954 2101 1039 2164 bibit.
1066 2134 1077 2155 n
1105 2103 1200 2165 Porro

204 2201 354 2283 posterior
369 2202 434 2264 sine
454 2202 553 2284 priore
570 2222 637 2264 esse
654 2222 715 2263 non
732 2208 836 2283 potest
850 2216 903 2264 aut
918 2222 978 2263 non
994 2202 1094 2263 debet.
1118 2203 1201 2265 Hinc

205 2321 338 2384 namque
352 2301 439 2384 panis
455 2300 651 2384 quotidianus
665 2302 828 2363 aDomino
843 2299 966 2376 dicitur,
985 2299 1062 2363 sicut
1078 2321 1097 2362 a
1110 2302 1200 2364 beato

206 2399 381 2475 Ambrosio,
401 2408 433 2463 et
449 2408 554 2464 sancto
569 2399 724 2484 Cypriano
743 2400 913 2482 exponitur,
929 2410 960 2462 et
974 2400 1143 2484 Evangelio
1156 2402 1201 2464 le-

206 2501 309 2584 gitur:
332 2530 344 2552 u
359 2500 429 2564 Nisi
441 2500 695 2563 manducaveritis
708 2521 830 2562 carnem
842 2500 894 2562 filii
910 2499 1051 2575 hominis
1070 2506 1101 2563 et
1114 2501 1199 2564 bibe·
1215 2526 1219 2534 ’

205 2598 273 2662 ritis
291 2600 358 2684 ejus
376 2599 569 2684 sanguinem3
594 2620 653 2661 non
674 2599 825 2662 habebitis
844 2600 941 2662 vitam
962 2601 992 2662 in
1010 2601 1106 2664 vobis.
1126 2633 1138 2653 n
1157 2604 1200 2666 Et

206 2699 283 2763 sacri
298 2721 428 2763 canones
440 2702 547 2787 jubent
563 2722 622 2762 non
642 2700 795 2789 habendos
810 2701 889 2764 inter
904 2701 1066 2764 catholicos
1082 2701 1134 2782 qui
1148 2722 1199 2762 sa-

207 2806 361 2862 cramento
371 2799 514 2882 Corporis
523 2799 637 2862 Christi
649 2819 709 2862 non
722 2799 956 2874 communicant,
971 2799 1028 2860 nisi
1042 2797 1117 2861 forte
1131 2820 1198 2881 poe-

207 2897 368 2961 nitentium
379 2920 474 2974 more,
487 2905 520 2962 et
533 2899 708 2981 Episcopali
720 2899 840 2984 judicio,
858 2919 914 2981 pro
931 2898 1111 2980 capitalibus
1125 2919 1198 2979 pec-

207 2997 284 3061 catis
302 2997 484 3061 abstineant.
512 2999 641 3062 Frustra
664 3019 737 3083 ergo
761 2996 854 3060 infers
876 3005 908 3060 et
928 2997 1003 3060 dicis
1022 3018 1030 3058 :
1052 2996 1087 3059 Si
1107 2998 1201 3059 semel

207 3118 315 3180 passus
335 3105 383 3161 est
402 3096 541 3161 Christus
558 3099 588 3161 in
605 3099 784 3181 semetipso,
808 3098 902 3160 semel
918 3096 1011 3159 etiam
1028 3096 1059 3156 in
1076 3117 1201 3177 corpore

207 3217 279 3271 suo,
302 3217 338 3259 eo
359 3199 439 3280 quod
462 3218 572 3281 corpus
594 3220 681 3262 suum
705 3198 786 3262 nullo
804 3199 894 3261 modo
909 3197 1044 3279 separari
1064 3203 1166 3278 potest
1182 3218 1202 3258 a

208 3296 320 3379 seipso.
339 3297 430 3373 Quod
443 3317 501 3359 non
517 3299 665 3380 procedit.
689 3298 789 3361 Multa
812 3298 925 3380 quippe
944 3304 1015 3360 sunt
1034 3296 1065 3357 in
1089 3297 1197 3370 rebuS,

153 3477 155 3483 y
194 3379 277 3479 'quae
288 3416 388 3458 rerum
399 3396 536 3478 partibus
548 3396 708 3461 convenire
722 3419 782 3483 non
795 3403 933 3479 possunt.
949 3396 1033 3458 Nam
1051 3416 1120 3459 cum
1135 3395 1201 3478 ipse

207 3494 359 3559 Dominus
379 3496 471 3558 Jesus
497 3517 588 3559 verus
608 3497 695 3560 Deus
715 3496 770 3573 sit,
791 3504 824 3559 et
846 3518 936 3560 verus
953 3496 1061 3570 homo,
1087 3495 1200 3558 omnis-

209 3614 268 3676 que
292 3593 382 3657 homo
405 3601 525 3659 constet
544 3596 645 3660 anima
665 3595 821 3672 rationali,
845 3604 876 3659 et
902 3617 1037 3678 corpore,
1068 3615 1128 3656 non
1150 3602 1201 3658 ta·

209 3714 278 3757 men
307 3691 407 3757 anima
425 3693 504 3777 ipsa,
523 3703 576 3758 aut
596 3695 694 3779 ipsum
710 3715 819 3778 corpus
833 3702 914 3758 recte
928 3695 1085 3759 vocabitur
1097 3695 1199 3768 homo,

211 3792 261 3855 vel
277 3793 375 3856 Deus.
488 3827 491 3834 ·

256 4085 308 4150 16.
335 4086 479 4152 Benene.
508 4117 521 4142 «ι
550 4086 724 4162 Consentio,
752 4085 850 4168 inquit
872 4085 1065 4169 BurgunduS,
1089 4093 1201 4148 sanctae

209 4183 357 4250 Romanae
369 4187 524 4252 Ecclesiae.
537 4187 657 4251 Revera
670 4207 729 4248 non
745 4192 881 4247 sanctam
892 4184 1059 4268 Ecclesiam
1075 4191 1202 4265 experta
