3184 5442
295 746 361 810 248
675 765 704 806 u.
731 764 906 807 rauranum

293 905 460 987 relinquere
476 907 593 990 justum
605 903 678 967 suit:
697 905 795 965 omnis
816 923 947 984 namque
959 903 1049 965 homo
1069 923 1140 964 oum
1156 901 1211 964 tali
1219 902 1287 986 jus·

294 1002 362 1066 titia
382 1003 465 1066 nasci
488 1004 609 1078 debuit,
637 1003 718 1086 quali
744 1004 847 1067 Adam
871 1002 1010 1066 conditus
1034 1001 1103 1065 firit.
1131 1002 1197 1064 Sed
1218 998 1288 1082 quia

295 1104 372 1168 hana
398 1104 501 1167 Adam
527 1113 635 1187 sponte
660 1104 813 1176 deseruit;
843 1103 940 1167 omnis
966 1104 1056 1166 homo
1082 1100 1114 1164 in
1139 1098 1288 1187 injustitia

295 1203 440 1286 originem
453 1204 574 1267 vivendi
585 1204 697 1279 sumit,
718 1224 785 1288 quae
801 1202 948 1290 injustitia
962 1201 1108 1286 originale
1128 1208 1287 1284 peceatum

295 1309 441 1374 vocatur;
465 1323 520 1385 pro
541 1323 602 1385 qua
622 1303 720 1366 omnis
740 1303 831 1366 homo
847 1303 1018 1376 damnatur,
1037 1300 1095 1364 nisi
1113 1300 1141 1363 ei
1162 1300 1195 1363 in
1213 1301 1287 1382 bap-

295 1400 419 1464 tismate
435 1401 619 1465 dimittatur.

340 1502 382 1564 D.
409 1501 487 1566 Cum
511 1523 600 1565 omne
621 1512 800 1585 peecatum.
819 1503 884 1567 sola
898 1501 1055 1566 voluntate
1071 1506 1284 1583 perpetretur:

296 1620 355 1662 non
367 1600 456 1664 video
478 1602 630 1684 quomodo
650 1603 732 1687 juste
751 1602 858 1665 infanti
875 1621 980 1664 recens
999 1600 1136 1662 animato
1154 1598 1205 1661 vel
1218 1605 1286 1660 nato

297 1707 454 1783 peecatum
475 1700 664 1783 imputetur;
689 1701 857 1783 praesertim
878 1722 946 1764 enm
969 1698 1081 1761 nullam
1102 1697 1286 1760 voluntatem

297 1800 441 1881 peccandi
455 1800 582 1874 habeat,
596 1801 769 1884 nullamque
777 1795 929 1887 justitiam
944 1798 1043 1862 facere
1057 1799 1107 1861 vel
1122 1796 1288 1881 intelligere

298 1899 482 1981 praevaleatl
507 1937 547 1948 -
571 1902 617 1964 M.
649 1899 753 1965 Infans
778 1921 883 1964 reeens
904 1899 1076 1972 onimium,
1101 1897 1151 1959 vel
1178 1902 1285 1966 natus,

298 1999 395 2062 tribus
416 2001 455 2062 de
475 2001 574 2064 causis
592 2021 661 2064 reus
681 2001 795 2064 existit.
816 2000 938 2074 Primo,
957 1998 1027 2080 quia
1042 1996 1213 2059 naturalem
1227 1996 1288 2080 jus-

300 2099 399 2162 titiam
420 2121 481 2161 non
499 2101 610 2175 habet,
626 2122 718 2184 quam
734 2102 819 2164 Deus
838 2099 936 2183 primo
951 2096 1064 2161 homini
1077 2095 1217 2160 eontulit.
1233 2094 1288 2158 Se-

299 2200 396 2261 cundo
410 2251 416 2271 ,
431 2200 503 2281 quia
514 2201 632 2263 debitor
647 2200 850 2264 satisfaciendi
861 2220 916 2283 pro
929 2186 1101 2261 temeritate
1115 2193 1290 2258 desertionis

299 2298 416 2360 existit.
439 2300 563 2373 Tertio,
583 2301 653 2382 quia
673 2300 810 2363 miserias
831 2299 1007 2363 incurrendo
1030 2319 1063 2360 se
1084 2296 1224 2359 inutilem
1239 2313 1290 2356 suo

300 2396 431 2458 Domino
454 2396 534 2460 lecit,
557 2399 664 2462 Omnis
694 2407 796 2463 autem
822 2401 912 2463 homo
935 2397 1064 2481 Angelis
1088 2394 1291 2479 adaeqnandus

295 2495 397 2577 justus
421 2496 503 2561 nasci
525 2497 643 2570 debuit,
662 2499 739 2562 sicut
759 2499 844 2562 Deus
858 2498 1022 2562 constituit.
1042 2498 1105 2560 Sed
1126 2495 1200 2578 quia
1218 2495 1292 2556 hanc

299 2593 401 2655 Adam
417 2593 564 2669 deseruit,
580 2596 664 2659 Deus
679 2618 748 2659 eam
759 2600 799 2660 ab
809 2599 891 2660 omni
901 2597 1079 2682 posteritate
1093 2617 1150 2659 sua
1160 2593 1268 2678 exigit.

343 2692 386 2755 D.
412 2692 491 2757 Cum
506 2695 652 2777 seriptum
664 2698 721 2760 sit:
741 2728 754 2750 «ι
773 2698 869 2760 Filius
883 2720 943 2761 non
955 2695 1089 2780 portabit
1102 2694 1292 2777 iniquitatem

300 2791 423 2865 Patris;
443 2825 455 2848 ἰ
474 2795 609 2859 etitem:
632 2827 642 2849 u
661 2797 878 2880 Unusquisque
899 2817 975 2860 onus
996 2817 1085 2859 sunm
1103 2794 1258 2878 portabit,
1276 2824 1288 2845 n

272 2892 274 2899 ’
303 2895 454 2973 quomodo
463 2895 546 2980 juste
557 2898 595 2959 ab
606 2897 723 2961 infante
734 2899 864 2980 exigitur
878 2898 960 2980 quod
974 2918 992 2959 a
1005 2905 1131 2986 parente
1146 2891 1293 2976 delinqui-

218 3063 221 3067 .
302 2994 368 3055 turl
393 3031 432 3042 —
449 2995 495 3059 M.
519 2998 630 3062 Nullus
650 3007 809 3081 peceatum
828 2997 958 3081 exigitur
976 2998 1015 3059 ab
1038 2995 1112 3067 alio;
1137 2994 1294 3076 nullusque

302 3114 357 3175 pro
377 3095 520 3171 atterius,
544 3099 597 3161 sed
617 3119 672 3181 pro
693 3120 749 3161 sna
766 3098 863 3181 ipsius
888 3095 1038 3182 injustitia
1057 3094 1195 3178 punitur.
1213 3095 1295 3157 Deus

299 3194 450 3277 justitiam
463 3199 500 3260 ab
516 3199 596 3260 omni
609 3199 728 3262 homine
743 3199 853 3282 exigit,
869 3219 961 3280 quam
976 3195 1073 3279 primo
1086 3194 1186 3257 dedit:
1201 3192 1297 3256 omnis

304 3301 406 3358 autem
421 3297 511 3361 homo
527 3297 682 3362 inmatura
695 3307 742 3363 est
761 3299 881 3371 Adam,
899 3299 931 3359 in
944 3316 1074 3379 persona
1088 3293 1168 3356 filius
1179 3293 1294 3357 Adam.

303 3395 346 3457 Et
361 3396 432 3478 quia
447 3399 645 3462 omnishomo
666 3401 782 3481 absque
796 3398 853 3461 hao
868 3396 987 3483 justitia
998 3394 1149 3467 nascitur,
1168 3414 1230 3456 non
1244 3412 1298 3474 pro

304 3493 361 3558 hoo
390 3498 471 3578 quod
498 3518 565 3560 eam
591 3498 695 3562 Adam
721 3499 869 3577 deseruit,
893 3497 947 3559 sed
964 3494 1035 3578 quia
1061 3515 1129 3557 eam
1150 3493 1219 3575 ipse
1240 3513 1299 3555 non

306 3593 415 3668 habet,
433 3595 567 3676 punitur.
587 3597 683 3679 Igitur
698 3598 769 3678 quia
778 3596 925 3660 naturalis
937 3594 1058 3680 justitia
1073 3592 1103 3654 in
1113 3590 1231 3655 infante
1240 3610 1298 3653 non

306 3691 467 3769 invenitur,
485 3695 635 3777 ajustitia
649 3696 708 3758 Dei
719 3698 802 3780 jnste
816 3695 979 3779 repellitur,
997 3714 1033 3756 ao
1049 3691 1217 3778 justissime
1232 3711 1299 3754 cum

306 3791 425 3877 injustis
447 3813 545 3874 poenae
566 3814 585 3855 a
609 3793 675 3855 Deo
696 3795 862 3879 subjicitur,
882 3795 935 3877 qui
956 3792 1048 3856 etiam
1069 3792 1100 3854 in
1124 3790 1249 3854 tertiam
1270 3796 1301 3853 et

313 3898 453 3972 quartam
465 3891 690 3974 generationem
703 3900 830 3974 peecata
839 3895 921 3979 juste
934 3891 1098 3960 ulciscitur.

351 3994 394 4056 D.
420 3992 506 4055 Nihil
523 3992 620 4076 magis
635 3991 855 4079 cupio-audire.
