3184 5442
244 721 288 783 20
626 733 654 772 n.
682 731 857 774 nnnrnnnci

244 875 335 960 tau]
348 875 383 939 ld
398 879 463 947 est,
483 871 648 936 secundum
663 873 834 959 justitiam,
853 871 918 936 sine
936 871 1111 954 acceptione
1126 893 1239 954 perso-

247 995 365 1040 narum.
394 1006 434 1021 --
461 972 640 1034 Existimas
655 984 758 1035 autem
774 971 867 1034 hoco
890 970 982 1033 homo
1002 979 1104 1033 omnis
1121 971 1238 1058 quiju-

245 1071 367 1157 diem]
384 1072 500 1137 Putare
522 1078 626 1154 posset
651 1072 761 1155 aliquis
785 1071 945 1154 imperitus
964 1123 970 1147 ‚
988 1073 1071 1155 quod
1099 1078 1185 1134 tanto
1206 1070 1240 1132 li-

243 1174 346 1237 berius
365 1192 492 1254 peccare
514 1171 634 1246 liceret,
649 1179 763 1254 quanto
790 1171 965 1254 diligentius
984 1172 1059 1233 alios
1082 1178 1241 1253 apeccato

244 1279 461 1354 compesceret.
487 1305 529 1318 -
554 1271 596 1332 Et
613 1277 880 1356 incorruptionem
891 1269 1067 1357 quierunt}
1084 1270 1121 1333 ld
1135 1278 1200 1345 est,
1215 1270 1241 1331 si

243 1373 275 1435 in
286 1371 455 1435 intentione
466 1377 605 1452 quaerunt
616 1370 712 1434 vitam
724 1377 881 1433 aetemam.
890 1370 981 1434 Multi
991 1369 1072 1432 enirn
1081 1371 1162 1432 bona
1172 1389 1242 1451 ope-

244 1477 351 1533 rantur
369 1477 494 1551 propter
515 1467 650 1533 favorem
673 1469 842 1533 hominum.
872 1506 911 1519 -
936 1469 992 1530 Ex
1009 1467 1241 1551 contentione]

245 1571 288 1633 Et
313 1576 393 1633 coetu
419 1569 620 1649 contentioso,
638 1570 691 1653 qui
720 1568 927 1633 Christianam
956 1568 1147 1652 Religionem
1176 1587 1243 1630 esse
1345 1631 1349 1638 ,

245 1669 381 1734 inutilem
393 1671 589 1734 contendunt.
617 1708 659 1722 --
682 1669 816 1755 Iudai]
834 1670 893 1734 Vel
904 1670 1029 1733 Judaeos
1040 1667 1243 1740 infidelesin-

245 1769 370 1854 telligit;
384 1768 437 1852 qui
448 1769 582 1834 maxime
597 1769 761 1853 punientur
776 1769 803 1832 si
817 1775 971 1853 praecepta
984 1768 1045 1832 Dei
1060 1789 1121 1830 non
1138 1769 1242 1830 obser-

245 1876 341 1944 vant;
357 1869 408 1932 vel
418 1869 543 1934 Graecas
554 1877 661 1954 gentes
671 1920 678 1946 ‚
690 1870 723 1932 id
734 1876 799 1945 est,
813 1869 967 1942 infideles;
985 1889 1005 1930 a
1024 1873 1113 1949 parte
1128 1874 1239 1929 toturn.

248 2005 289 2018 -
301 1965 423 2031 Judoeo.
433 1967 547 2052 pudaei
557 1970 690 2051 primum
697 1968 816 2051 operati
828 1968 1031 2036 suntbonum;
1042 1971 1151 2046 postea
1158 1963 1244 2026 Grae-

247 2069 285 2132 ci.
313 2102 353 2115 -
378 2065 452 2130 Non
467 2075 551 2129 enim
566 2080 845 2152 estpersonarum.
861 2071 919 2127 eto.
931 2063 943 2147 ]
957 2063 1028 2126 Hoc
1038 2063 1077 2125 ad
1088 2063 1244 2145 superiora

247 2165 382 2250 respicit,
397 2166 448 2230 ubi
458 2167 519 2229 ait:
536 2167 603 2242 Ira,
616 2174 674 2230 eto.
690 2168 732 2230 Et
749 2173 782 2226 in
796 2186 919 2226 omnem
934 2170 1073 2224 animam
1085 2170 1244 2247 operantis

248 2264 376 2328 malum.
387 2267 431 2328 Et
441 2265 531 2348 p'aulo
544 2272 631 2347 post:
644 2263 768 2339 Gloria,
777 2271 836 2327 eto.
856 2269 942 2325 ouini
954 2270 1100 2348 operanti
1115 2261 1241 2325 bonum.

250 2398 290 2411 -
316 2361 363 2424 Tu
383 2376 486 2426 autem
512 2362 640 2425 Judaeus
655 2361 924 2449 cognominaris]
939 2362 1063 2425 Judaeos
1084 2359 1244 2423 humiliare

249 2469 395 2536 conatum
408 2462 460 2545 qui
472 2483 510 2526 ex
522 2467 650 2544 accepta
659 2461 727 2546 lege
741 2459 971 2543 superbiebant:
983 2466 1015 2523 et
1025 2460 1145 2523 Gentes
1156 2459 1243 2542 quasi

249 2561 433 2645 peccatrices
456 2561 672 2645 despiciebant.
699 2594 738 2615 --
763 2561 912 2623 Famam
936 2558 1111 2644 scientim]
1125 2559 1161 2623 Si
1175 2559 1244 2641 quis

249 2661 325 2726 velit
347 2661 505 2725 scientiam
529 2667 560 2725 et
577 2661 739 2725 veritatem
760 2661 872 2724 habere
884 2711 890 2735 ‚
904 2659 936 2722 in
954 2666 984 2724 te
999 2657 1097 2742 possit
1115 2656 1244 2722 sormam

252 2767 283 2824 et
293 2761 450 2844 exemplar
462 2760 607 2844 aspicere.
633 2797 677 2808 -
701 2760 922 2846 Sacrilegium.
932 2759 943 2844 ]
955 2758 1150 2842 sacrilegium
1164 2758 1245 2821 enim

251 2865 300 2922 est
316 2858 465 2923 culturam
483 2859 543 2923 Dei
565 2858 683 2923 auferre
694 2867 726 2924 et
744 2859 931 2924 daemonibus
945 2860 1028 2923 dare.
1057 2893 1097 2905 —
1122 2856 1256 2921 Nomen.

252 2965 335 3020 enim
346 2957 574 3042 Deipervoa]
584 2957 776 3023 Credendum
788 2966 836 3023 est
845 2958 963 3041 aliquos
970 2979 1010 3020 ex
1019 2957 1041 3019 J
1041 2957 1136 3021 udaeis
1145 2955 1247 3020 Chris·

252 3055 352 3121 tianos
368 3078 436 3120 esse
447 3057 525 3122 tales
537 3080 544 3132 ;
557 3078 618 3121 non
632 3064 736 3122 tamen
748 3079 870 3132 omnes,
884 3079 923 3120 ne
935 3057 976 3120 sit
989 3055 1158 3121 contrarius
1170 3055 1245 3119 sibi·

252 3157 312 3241 ipsi
322 3157 354 3220 in
374 3160 595 3242 superioribus;
609 3161 662 3225 nbi
677 3162 738 3226 ait:
757 3159 856 3222 Fides
868 3173 979 3222 vestra
993 3164 1201 3220 annuntiatur
1213 3159 1246 3217 in

254 3259 396 3318 uniuerso
419 3257 547 3322 mundo.
570 3260 641 3323 Non
666 3260 747 3322 enim
761 3260 838 3321 fides
858 3258 924 3321 sine
942 3257 1082 3340 operibus
1095 3255 1247 3319 laudanda

254 3362 313 3447 est.
331 3357 375 3422 Et
393 3357 425 3419 in
440 3359 692 3441 subsequentibus
705 3410 712 3433 ,
727 3378 780 3421 eos
800 3379 869 3421 curn
888 3356 1005 3420 caeteris
1027 3357 1133 3438 plenos
1151 3355 1246 3421 dilec-

253 3454 337 3519 tione
355 3475 433 3518 esse.
450 3456 509 3518 Est
527 3460 630 3518 autern
650 3455 796 3537 scriptum
811 3457 842 3516 in
854 3452 1030 3516 Ezechiele:
1054 3455 1097 3517 Et
1119 3454 1247 3536 ingressi

241 3560 328 3618 'sunt
346 3555 387 3617 ad
406 3555 524 3618 Gentes
538 3604 544 3630 ‚
560 3554 600 3618 ad
614 3573 691 3636 quas
708 3552 889 3616 introierunt
904 3557 936 3614 et
951 3551 1123 3634 polluerunt
1136 3570 1248 3613 nomen

255 3659 395 3717 sanctum
407 3673 508 3717 meum
520 3703 527 3728 ,
541 3653 623 3736 quod
643 3650 794 3734 polluistis
819 3650 850 3713 in
873 3650 1034 3716 Gentibus.
1063 3684 1103 3696 -
1128 3648 1167 3709 In
1184 3657 1248 3711 cir·

256 3751 508 3838 sanccionem]
524 3753 560 3816 Id
576 3757 644 3826 est,
662 3757 781 3815 tantum
801 3751 926 3833 prodest
940 3749 998 3812 sibi
1014 3799 1021 3824 ,
1039 3748 1092 3832 qui
1115 3749 1248 3813 Gentilis

257 3861 304 3914 est
320 3902 326 3925 ‚
345 3857 492 3933 quantum
505 3851 531 3914 si
544 3851 669 3914 Judaeus
683 3858 774 3914 esset.
793 3847 835 3913 Et
846 3847 1012 3935 judicabit,
1030 3848 1063 3910 id
1078 3854 1125 3912 est
1138 3900 1145 3921 ,
1162 3868 1256 3912 com-·

257 3951 446 4035 parationem
457 3950 503 4015 sui
515 3950 708 4036 judicabilem
725 3945 815 4013 faciet
827 3955 860 4013 et
873 3947 1088 4012 damnabilem.
