3184 5442
554 745 760 787 erumpnarum
784 748 852 788 srva
875 747 1030 787 nrnnocus.
1223 730 1288 792 285

293 881 460 954 christiani,
480 881 532 963 qui
545 881 632 944 malis
648 883 788 964 operibus
803 885 904 947 Deum
919 894 1108 967 negaverunt
1122 910 1129 958 ;
1148 886 1195 949 his
1205 889 1287 951 dice-

294 991 343 1043 tur
361 1007 366 1042 :
387 1012 399 1032 u
418 980 662 1044 Discediteame
679 983 849 1056 maledicti;
875 983 1002 1057 esurivi,
1028 992 1060 1047 et
1080 1006 1140 1048 non
1162 988 1288 1051 dedistis

293 1080 366 1142 mihi
386 1082 581 1159 manducare,
603 1089 662 1144 etc.
682 1115 694 1134 ’ν
718 1083 836 1161 Quibus
850 1083 952 1147 verbis
970 1085 1105 1147 innuitur
1124 1087 1206 1168 quod
1220 1086 1287 1149 ideo

294 1180 485 1255 damnentur,
508 1180 579 1262 quia
604 1181 730 1244 crimina
750 1203 806 1245 sua
827 1183 1027 1266 eleemosynis
1050 1183 1198 1248 redimere
1220 1207 1288 1249 con-

295 1289 493 1363 tempserunt.
521 1282 564 1344 Et
587 1281 680 1344 debes
703 1291 809 1346 notare
830 1284 912 1366 quod
934 1304 994 1345 non
1008 1282 1105 1346 dicit:
1130 1315 1142 1336 u
1161 1286 1284 1360 Venite,

295 1381 439 1444 benedico
459 1402 514 1443 vos
539 1413 566 1448 n.
593 1401 649 1443 nec
669 1381 762 1445 dicit:
792 1414 804 1433 u
832 1382 1007 1457 Discedile,
1040 1384 1187 1449 maledico
1208 1408 1285 1459 vos;

295 1481 360 1553 sed,
378 1479 448 1562 quia
460 1480 534 1542 estis
548 1478 710 1555 benedicti,
726 1481 846 1554 venite;
868 1489 910 1556 et,
937 1481 1009 1563 quia
1028 1484 1102 1545 estis
1122 1485 1285 1559 maledicti,

296 1580 453 1643 discedite.
471 1613 482 1631 »ι

340 1680 380 1743 D.
401 1680 476 1756 Quis
498 1679 655 1742 benedixit
678 1680 770 1742 istosl
798 1682 846 1743 vel
872 1680 941 1763 quis
964 1681 1122 1745 maledixit
1145 1683 1228 1747 illosl
1248 1721 1287 1733 -

295 1780 342 1843 M.
360 1780 493 1864 Spiritus
504 1789 628 1843 sanctus
643 1780 777 1863 quotidie
789 1802 843 1862 per
858 1802 912 1843 ora
922 1782 1086 1844 amicorum
1105 1790 1135 1845 et
1151 1784 1288 1848 inimico-

293 1875 363 1946 rum
380 1884 492 1947 electos
502 1884 664 1959 benedicit,
680 1891 714 1947 ut
726 1885 835 1948 dicitur
854 1910 859 1946 :
883 1916 895 1936 ι·
914 1885 1074 1949 Benedicti
1084 1907 1139 1949 vos
1151 1888 1288 1950 aDomi-

220 2035 226 2043 .
297 2006 347 2046 no.
364 2017 376 2037 ’ν
393 1987 435 2047 Et
445 1984 556 2047 iterum
573 2010 578 2045 z
599 2015 610 2036 u
627 1984 805 2047 Benedictio
819 1984 942 2047 Domini
956 2005 1046 2066 super
1061 2006 1127 2048 vos,
1144 2018 1156 2038 n
1172 1987 1291 2069 Repro-

296 2086 351 2147 bos
361 2105 433 2147 vero
445 2105 500 2168 per
515 2105 568 2148 ora
581 2084 715 2146 omnium
731 2083 894 2159 maledicit,
910 2091 945 2147 ut
959 2083 1083 2146 dicitur:
1102 2114 1113 2134 u
1134 2085 1290 2150 Maledicti

297 2185 349 2268 qui
364 2185 517 2248 declinant
530 2205 548 2246 a
560 2184 712 2247 mandatis
720 2184 790 2246 tuis.
808 2216 820 2237 n
1224 2211 1228 2223 ,

342 2284 381 2346 D.
406 2286 566 2365 Quomodo
579 2286 759 2370 judicabunt
770 2305 822 2346 eos
836 2283 958 2347 Sanctil
978 2320 1017 2331 -
1031 2284 1077 2346 M.
1091 2284 1162 2347 Suis
1174 2286 1290 2349 meritis

298 2385 458 2449 ostendent
482 2406 535 2448 eos
559 2406 614 2449 neo
633 2384 715 2449 facta
730 2407 785 2449 nec
806 2385 889 2449 dicta
910 2405 965 2448 sua
984 2392 1147 2467 sequutoS,
1171 2393 1203 2448 et
1221 2385 1290 2449 ideo

298 2485 378 2546 omni
395 2484 541 2568 supplicio
554 2485 661 2570 dignos
677 2512 682 2547 z
699 2487 753 2549 hos
768 2487 856 2548 inira
870 2506 925 2548 sua
938 2485 1129 2549 conturbabit
1143 2487 1238 2562 DeuS,
1259 2494 1291 2549 et

298 2586 458 2649 devorabit
469 2607 522 2648 eos
531 2586 621 2669 ignis.

343 2686 387 2750 D.
411 2687 518 2749 Habet
527 2686 678 2749 Dominus
689 2685 821 2749 furorem
831 2687 985 2768 velliraml
997 2722 1039 2731 —
1049 2686 1095 2747 Μ.
1111 2687 1145 2749 ln
1158 2686 1290 2749 Domino

299 2807 358 2848 non
373 2793 443 2849 sunt
458 2787 534 2850 tales
550 2793 651 2849 motus
667 2810 672 2846 z
691 2789 758 2869 qui,
771 2797 807 2848 ut
822 2776 945 2849 dicitur:
968 2816 980 2835 ··
996 2784 1108 2847 Omnia
1123 2806 1190 2847 cum
1204 2793 1288 2847 tran-

299 2885 448 2968 quillitate
460 2886 578 2971 judicat
596 2917 609 2938 ··
625 2911 631 2958 ;
647 2888 702 2949 sed
720 2908 789 2950 cum
806 2887 835 2949 in
852 2907 920 2951 reos
935 2882 1086 2947 sententia
1097 2883 1188 2967 justae
1202 2884 1290 2944 dam-

298 2986 428 3049 nationis
442 2986 609 3070 profertur;
629 2986 717 3050 irasci
739 2987 798 3061 eis,
818 2986 870 3070 qui
889 2985 953 3047 haec
969 2981 1139 3066 patiuntur,
1159 2981 1288 3044 videtur.

341 3087 384 3150 D.
409 3087 576 3150 Habebunt
584 3088 660 3172 justi
676 3085 860 3162 defensores
879 3092 935 3148 aut
944 3082 1016 3146 mali
1028 3081 1236 3144 accusatoresl
1249 3119 1293 3130 —
1313 3161 1315 3164 Ι

298 3187 343 3250 Μ.
361 3188 529 3250 Habebunt
543 3188 742 3251 conscientias
756 3209 837 3250 suas.
858 3188 907 3250 Ita
926 3203 1057 3266 namque
1077 3202 1182 3243 omnes
1198 3203 1217 3243 a
1233 3181 1291 3243 ful-

297 3306 369 3369 gore
388 3289 484 3351 crucis
508 3289 755 3360 illustrabuntur,
770 3297 805 3351 ut
825 3288 903 3350 sicut
919 3305 1013 3378 nunc(
1025 3282 1079 3346 Sol
1096 3282 1134 3343 ab
1154 3282 1292 3342 omnibus

298 3386 434 3461 videtur;
450 3389 494 3452 ita
506 3388 641 3451 omnium
650 3389 805 3452 hominum
818 3384 1008 3451 conscientia
1021 3391 1092 3446 tunc
1103 3384 1140 3443 ab
1153 3381 1291 3444 omnibus

298 3488 329 3548 in
343 3489 503 3571 propatulo
518 3489 689 3552 videantur.

342 3589 384 3651 D.
411 3587 493 3666 Quid
509 3597 556 3651 est
574 3589 654 3672 quod
679 3589 804 3660 dicitur,
824 3620 835 3638 u
855 3587 939 3650 Libri
955 3585 1052 3668 aperti
1067 3591 1155 3655 sunt;
1170 3590 1201 3646 et
1217 3583 1291 3646 liber

299 3685 386 3759 vitae,
407 3696 439 3750 et
456 3689 585 3773 judicati
606 3698 677 3753 sunt
691 3688 801 3753 mortui
816 3689 854 3751 de
876 3687 922 3750 his
937 3707 1003 3769 quae
1023 3697 1109 3747 erant
1128 3683 1241 3765 scripta
1260 3683 1290 3745 in

299 3784 399 3850 librisl
415 3820 427 3840 n
446 3825 485 3836 -
498 3788 545 3851 M.
558 3789 641 3852 Libri
650 3799 719 3853 sunt
730 3788 902 3872 Prophetae,
913 3793 983 3850 sunt
992 3783 1146 3868 Apostoli,
1160 3791 1230 3847 sunt
1240 3783 1290 3845 alii

300 3885 519 3974 perfectiQQul
530 3888 597 3951 libri
612 3890 707 3973 aperti
726 3896 833 3962 enuit,
851 3889 923 3971 quio
940 3885 1078 3949 doctrina
1097 3891 1128 3947 et
1151 3884 1292 3967 exempla

300 4006 401 4049 eorum
417 3990 556 4053 omnibus
567 3993 715 4073 patebunt
727 4014 733 4062 ;
747 3991 777 4053 in
791 3990 901 4074 quibus
915 4009 1030 4064 omnes,
1046 3986 1133 4070 quasi
1149 3986 1179 4048 in
1195 3985 1286 4057 tibris,

299 4086 444 4151 videbunt
459 4090 533 4171 quid
548 4089 645 4153 facere
659 4090 708 4153 vel
722 4091 796 4173 quid
810 4090 905 4152 vitare
920 4090 1098 4151 debuerunt.
1113 4086 1203 4148 Liber
1219 4104 1290 4146 vero

299 4187 370 4250 vitae
384 4197 431 4252 est
444 4190 509 4253 vita
525 4191 611 4265 Jesu,
626 4191 656 4253 in
668 4212 727 4274 qua
742 4211 847 4253 omnes
862 4188 947 4272 quasi
963 4188 994 4249 in
1010 4187 1085 4250 libro
1099 4187 1202 4267 legunt
1217 4182 1289 4263 quid

300 4294 338 4357 de
353 4290 512 4377 praeoeptis
524 4295 598 4376 ejus¹
609 4292 656 4354 vel
672 4291 817 4365 fecerunt,
834 4289 881 4352 vel
891 4289 1101 4372 neglexemnt.
1118 4283 1206 4345 Liber
1217 4280 1289 4343 vitae
