3184 5442
547 693 753 734 secuturarum
776 693 843 733 srvn
866 693 1022 734 umuocus.
1218 673 1284 735 243
1317 750 1322 761 .

292 830 507 904 cruciatibus,u
518 827 659 913 fugietab
671 831 714 893 eis
725 832 851 895 doloret
861 834 1005 916 gemitus.
1021 863 1034 884 n
1044 833 1095 895 Ex
1106 853 1168 914 qua
1176 852 1209 895 re
1218 854 1286 915 pro-

292 933 383 994 batur
394 931 494 1015 justos
508 949 574 991 esse
588 949 709 1012 semper
721 929 887 1012 locupletes
900 940 931 990 et
942 931 1067 1002 beatos;
1084 930 1195 1013 impios
1205 952 1287 993 sem-

293 1052 351 1114 per
364 1051 432 1110 esse
444 1031 551 1112 inopes
565 1037 595 1092 et
611 1030 746 1093 miseros.

344 1325 374 1388 7.
408 1323 496 1386 Unde
516 1323 718 1409 dignitates:
739 1338 769 1385 et
782 1324 868 1410 quod
886 1347 941 1386 ecs
959 1323 1100 1386 vendere
1121 1324 1177 1386 vel
1190 1347 1291 1386 emere

298 1422 392 1511 nes'as
407 1436 472 1501 θείς
485 1435 514 1484 et
528 1423 621 1509 quale
634 1421 745 1485 debeat
760 1446 829 1486 esse
836 1423 1044 1509 proelatorum
1059 1432 1210 1509 regimen.

342 1525 386 1588 D.
411 1524 503 1587 Unde
522 1531 593 1587 sunt
612 1522 793 1606 dignitatest
822 1559 860 1571 -
885 1523 931 1587 M.
958 1523 990 1586 A
1010 1522 1078 1586 Deo
1098 1530 1170 1586 srmt
1186 1524 1292 1607 utique

299 1644 406 1687 omnes
419 1622 593 1705 dignitates
612 1629 643 1685 et
657 1629 828 1705 potestates
839 1623 998 1694 malorum,
1016 1643 1071 1684 seu
1084 1622 1241 1697 bonorum,
1258 1632 1294 1686 ut

255 1738 258 1747 '
301 1721 412 1786 dicitur
434 1745 440 1783 :
468 1752 481 1775 u
495 1722 567 1785 Non
582 1729 628 1785 est
644 1729 782 1805 potestas
794 1722 853 1785 nisi
866 1743 886 1784 a
900 1723 980 1786 Deo.
1001 1754 1013 1776 n
1032 1721 1094 1787 Cur
1114 1728 1217 1785 autem
1234 1724 1293 1785 ali-

302 1822 424 1905 quando
447 1821 531 1894 mali,
555 1821 717 1903 aliquando
740 1842 813 1884 vero
833 1821 903 1884 boni
927 1828 1096 1904 potestates
1116 1822 1290 1895 sortiantur,

297 1923 365 2006 jam
383 1920 521 2003 superius
540 1920 729 1984 dictumest.
1201 1945 1203 1950 ·

347 2021 389 2083 D.
416 2021 517 2097 Quam
532 2019 715 2082 sententiam
727 2016 845 2101 profers
852 2020 889 2083 de
899 2020 956 2093 his,
967 2021 1020 2103 qui
1027 2041 1080 2082 eas
1086 2021 1232 2100 vendunt,
1246 2021 1296 2084 vel

303 2118 420 2182 emuntl
426 2118 580 2196 -Mezn
587 2139 640 2181 eas
647 2127 762 2192 emunt,
773 2139 843 2181 cum
849 2118 973 2180 Simone
979 2118 1293 2194 interitumsubibunt;

305 2217 358 2302 qui
373 2238 446 2281 vero
460 2218 613 2289 vendunt,
632 2238 701 2281 cum
717 2217 804 2279 Giezi
819 2217 935 2298 lepram
950 2217 1058 2280 animae
1072 2218 1238 2281 incurrunt.

348 2319 392 2381 D.
418 2318 545 2380 Habent
566 2317 688 2380 Praelati
717 2317 817 2400 majus
841 2317 981 2380 meritum
1008 2319 1091 2401 apud
1111 2318 1227 2382 Deuml
1256 2355 1295 2366 -

304 2418 352 2482 M.
368 2417 453 2483 Ordo
465 2416 564 2490 officii,
583 2424 637 2480 aut
650 2415 784 2500 dignitas
795 2416 957 2498 potestatis
972 2416 1045 2479 nihil
1058 2415 1174 2483 confert
1184 2418 1298 2481 homini

305 2519 387 2601 apud
405 2517 523 2591 Deum,
543 2516 568 2579 si
589 2515 668 2579 desit
683 2515 836 2578 meritum.
853 2517 960 2591 Porro,
978 2517 1075 2598 quiin
1091 2518 1300 2582 ecclesiasticis

307 2627 453 2700 praesunt‚
466 2624 501 2680 ut
511 2614 666 2698 Episcopi,
681 2621 712 2678 et
718 2616 858 2679 Abbates
869 2636 924 2676 seu
930 2615 1116 2698 Presbyteri,
1126 2617 1153 2679 si
1165 2619 1257 2680 verbo
1269 2627 1300 2680 et

308 2713 448 2798 exemplo
460 2715 536 2777 bene
547 2721 695 2797 praesunt;
710 2721 757 2775 tot
765 2712 891 2796 praemia
900 2732 963 2794 prae
973 2713 1041 2774 aliis
1050 2714 1213 2785 habebunt,
1226 2727 1301 2797 quot

307 2815 418 2878 animae
431 2835 486 2897 per
501 2834 553 2876 eos
564 2813 656 2877 salvae
665 2813 753 2889 fiunt,
769 2819 805 2875 ut
815 2812 924 2875 dicitur
940 2835 945 2873 :
966 2842 979 2864 u
994 2812 1092 2894 Super
1108 2814 1209 2876 omnia
1222 2817 1302 2877 bona

308 2936 365 2980 sua
379 2914 543 2978 constituet
553 2934 616 2979 eos.
630 2944 642 2967 ν
664 2912 698 2977 Si
710 2919 813 2975 autem
827 2912 956 2975 subditis
968 2913 1093 2976 verbum
1109 2913 1216 3003 salutis
1230 2916 1301 2976 sub-

309 3015 451 3089 trahunt,
474 3020 506 3077 et
523 3033 576 3077 eos
590 3013 621 3075 in
643 3010 764 3075 foveam
780 3011 959 3094 perditionis
974 3031 1030 3094 per
1049 3032 1145 3093 prava
1162 3015 1303 3097 exempla

310 3117 424 3179 ducunt
435 3137 442 3187 ;
460 3121 508 3176 tot
521 3133 628 3196 poenas
639 3133 701 3195 prae
711 3111 779 3175 aliis
791 3111 1023 3185 haereditabunt,
1039 3122 1114 3193 quot
1128 3113 1237 3175 animae
1249 3134 1302 3176 eo·

310 3235 378 3280 rum
398 3212 538 3295 exemplo
558 3211 724 3295 perierunt,
746 3211 794 3274 vel
812 3202 887 3294 quot
905 3209 1023 3273 salvare
1043 3210 1234 3293 praedioando
1249 3233 1303 3276 ne-

311 3314 490 3398 glexerunt,
507 3319 543 3375 ut
553 3309 662 3374 dicitur
682 3331 688 3370 ι
713 3339 725 3362 u
741 3308 799 3373 Cui
813 3308 883 3392 plus
897 3309 1107 3387 committitur,
1127 3310 1197 3392 plus
1213 3312 1252 3372 ab
1268 3333 1305 3375 eo

311 3411 445 3495 exigitur
455 3435 483 3474 :-
493 3410 538 3474 Et
548 3410 670 3486 iterum,
687 3437 700 3460 u
714 3408 861 3472 Potentes
872 3416 1013 3491 potenter
1027 3415 1180 3472 tormenta
1189 3409 1306 3492 patien-

312 3520 374 3575 tur.
393 3544 406 3565 κ
422 3510 483 3591 Qui
499 3517 601 3573 autem
618 3507 649 3571 in
665 3506 858 3570 sacularibus
878 3507 1001 3571 Praelati
1019 3515 1100 3577 sunt.
1120 3516 1155 3571 ut
1174 3529 1261 3594 reges
1274 3521 1306 3574 et

309 3611 443 3698 judices,
465 3610 491 3674 si
502 3612 585 3695 juste
594 3607 752 3693 judicant,
774 3614 807 3670 et
824 3607 989 3671 clementer
1003 3607 1140 3670 subditos
1154 3616 1302 3683 tractant,

313 3715 461 3799 majorem
470 3709 596 3795 gloriam
608 3729 671 3791 prae
682 3707 775 3771 aliisa
782 3709 867 3793 justo
873 3707 975 3793 judice
984 3709 1053 3771 Deo
1061 3716 1284 3790 consequentur
1296 3733 1304 3774 ε

318 3846 332 3868 u
347 3814 421 3898 quia
431 3812 483 3895 qui
497 3813 574 3894 bene
586 3808 771 3882 ministrant,
786 3810 898 3871 bonum
907 3807 963 3871 sibi
973 3809 1100 3890 gradum
1111 3808 1303 3891 acquirunt„

314 3914 349 3978 Si
364 3920 467 3976 autem
479 3912 589 3996 injuste
603 3917 635 3972 et
650 3908 810 3972 creduliter
824 3907 969 3991 populum
984 3908 1173 3991 opprimunt.
1194 3907 1310 3971 atrocia

314 4012 463 4095 supplicia
477 4031 540 4094 prae
555 4009 621 4072 aliis
641 4008 796 4072 habebunt
816 4033 821 4070 :
845 4040 857 4060 u
879 4009 951 4092 quia
972 4007 1166 4071 durissimum
1187 4008 1240 4071 fiet
1257 4008 1309 4092 ju-

315 4112 428 4175 dicium
439 4111 485 4174 his
496 4110 548 4193 qui
561 4116 705 4192 praesunt,
715 4119 746 4171 et
752 4109 897 4193 judicium
908 4109 973 4171 sine
986 4107 1189 4171 misericordia
1201 4109 1240 4182 ei,
1256 4108 1308 4190 qui

315 4232 376 4274 non
392 4209 464 4275 facit
476 4208 746 4273 misericordiam.»

1159 4312 1200 4356 ro.
