3184 5442
440 730 444 739 ,
494 691 612 733 crossen
636 694 669 733 m
691 694 740 734 ar.
767 695 808 734 no
833 695 925 736 nean.
1149 680 1214 742 129

213 830 294 893 culis
302 829 482 915 Evangelii.
495 829 506 915 ]
519 832 555 894 Id
571 840 629 906 est,
641 853 708 915 quae
720 833 856 895 sustineo
862 841 988 916 propter
995 837 1210 922 Evangelium,

213 930 295 1012 quod
318 930 460 1012 praedico.
486 966 526 978 -
551 932 729 995 AEternum.
743 931 754 1018 ]
769 932 806 995 Id
828 942 891 1008 est,
910 934 1093 998 aetemaliter
1112 944 1213 1000 tecum

213 1029 364 1105 futurum,
379 1036 488 1092 utnon
508 1030 607 1094 dicam
623 1032 695 1094 tihi:
714 1033 828 1095 Astute
848 1042 936 1116 rogat
947 1042 987 1110 ¹ut
1008 1037 1091 1116 quod
1109 1057 1215 1099 servus

214 1128 242 1191 ei
258 1130 364 1204 debet,
380 1129 436 1192 sihi
450 1130 593 1194 dimittat.
608 1131 704 1209 Quasi
720 1131 855 1226 diceret:
874 1134 1002 1196 Possem
1017 1133 1117 1197 dicere
1132 1132 1213 1217 quod

214 1248 275 1290 non
290 1227 388 1290 solum
402 1228 470 1303 hoc,
485 1229 540 1291 sed
555 1236 587 1292 et
596 1230 727 1312 teipsum
739 1231 834 1293 debes
848 1231 934 1306 mihi,
949 1233 1003 1295 sed
1013 1233 1095 1295 nolo.

472 1586 544 1632 XIV.
566 1583 600 1629 IN
620 1582 718 1628 EPIST.
739 1584 782 1628 AD
802 1583 968 1631 HEBRAEOS.

656 1836 726 1876 CAP.
754 1837 775 1875 1.

262 2024 496 2114 Multffcriam,
523 2023 609 2108 ete]
630 2023 778 2087 Conscius
804 2023 1022 2108 indignationis
1045 2035 1076 2090 et
1096 2027 1216 2092 invidia

216 2147 322 2191 eorum
342 2126 447 2190 audito
461 2122 583 2187 nomine
597 2123 685 2187 Pauli
700 2123 861 2206 Apostoli,
880 2124 970 2188 solita
985 2135 1086 2190 cessat
1098 2128 1213 2191 saluta-

217 2228 318 2301 tione;
331 2227 389 2289 etsi
400 2225 468 2288 ideo
481 2225 547 2307 eius
562 2223 704 2306 Epistola
721 2223 909 2306 denegatur,
928 2225 1001 2307 quia
1012 2227 1078 2311 ejus
1094 2227 1217 2291 nomine

217 2346 278 2388 non
303 2324 462 2398 titulatur,
488 2323 601 2385 nullius
631 2341 716 2395 esse,
738 2321 829 2383 simili
856 2322 973 2386 ratione
990 2327 1148 2407 probatur.
1175 2364 1215 2375 -

219 2423 444 2513 Multzfariam.
459 2421 471 2508 ]
489 2424 534 2487 Ut
553 2424 592 2485 de
611 2421 767 2503 Propheta
785 2422 833 2486 cui
854 2425 1000 2507 pracepit
1019 2446 1146 2488 uxorem
1162 2447 1216 2490 ac-

218 2525 317 2607 cipere
328 2522 531 2586 fornicariam.
549 2524 592 2585 Et
603 2522 641 2583 de
658 2520 709 2582 illo
725 2521 774 2585 cui
787 2522 932 2605 praecepit
954 2545 1065 2606 ponere
1079 2525 1216 2589 lumbare

218 2626 274 2687 sub
289 2622 406 2706 lapide,
424 2627 547 2705 etpost
567 2619 771 2703 quadraginta
789 2618 855 2682 dies
873 2620 990 2698 visere,
1014 2625 1096 2706 quod
1113 2623 1216 2686 visens

218 2723 334 2787 invenit
358 2721 429 2805 quia
450 2719 647 2803 computruit.
674 2722 717 2782 Et
739 2720 777 2781 de
797 2719 849 2782 illo
871 2720 919 2783 oui
938 2722 1084 2804 praecepit
1105 2743 1216 2806 panem

218 2843 306 2885 suum
322 2828 426 2905 tegere
439 2819 572 2883 humano
588 2821 679 2890 fim0;
700 2820 756 2881 sed
775 2817 847 2900 quia
861 2839 927 2881 non
948 2828 1053 2902 posset
1074 2821 1212 2896 comedi,

218 2928 290 3003 post
301 2919 444 3003 pracepit
455 2919 517 3002 tegi
530 2919 655 2982 bovino,
683 2954 723 2965 —
748 2917 1001 3004 Mummiam]
1020 2921 1057 2982 ld
1076 2930 1139 2993 est,
1159 2921 1216 2982 ati-

219 3021 341 3103 quando
355 3039 519 3103 prospera,
534 3018 696 3101 aliquando
711 3019 841 3081 adversa
850 3018 1017 3099 praedicens
1030 3039 1038 3080 t
1052 3018 1214 3100 aliquando

219 3119 444 3202 Prophetarum
460 3117 579 3190 verbiS,
597 3125 628 3181 et
642 3117 805 3200 ahquando
826 3136 929 3178 eorum
945 3114 1034 3179 factis
1048 3115 1150 3178 futura
1164 3138 1215 3180 os-

219 3221 356 3282 tendens.
373 3217 561 3282 -Locutus
576 3229 624 3279 est
637 3217 727 3279 nobis
740 3225 773 3277 in
786 3214 884 3290 Filio,
898 3228 957 3276 etc.
971 3214 982 3300 ]
995 3216 1216 3279 Commendato

219 3315 315 3389 Filio,
330 3316 524 3379 commendat
537 3315 662 3379 Novum
676 3315 907 3379 Testamentum
920 3315 958 3376 ab
971 3314 1039 3396 ipso
1049 3314 1170 3385 datum;
1184 3319 1216 3376 et

178 3453 181 3459 .
219 3414 386 3480 humiliatis
407 3415 551 3500 ringeln,
569 3413 744 3478 humiliatur
766 3435 821 3498 per
841 3414 909 3477 illos
924 3421 1013 3478 vetus
1027 3414 1145 3477 datum.
1174 3449 1214 3461 —

221 3514 456 3600 Purgationem.
473 3514 484 3600 ]
500 3514 612 3598 Aperit
632 3514 757 3577 Patrem
779 3513 951 3576 exhibendo
970 3512 1212 3589 humanitatem,

221 3635 313 3698 quam
326 3614 491 3697 assumpsit
503 3634 559 3696 pro
571 3612 668 3676 nobis.
697 3649 737 3660 -
761 3613 834 3697 Ego
846 3612 951 3674 hodie.
964 3610 976 3697 ]
991 3613 1028 3675 Id
1039 3619 1102 3683 est.
1116 3612 1147 3673 in
1160 3613 1216 3677 hac

220 3714 392 3779 aeternitate
405 3736 412 3787 ;
431 3734 487 3777 nec
498 3713 606 3776 melius
617 3712 861 3796 potuitvexprimi
875 3713 1047 3787 aeternitas,
1066 3732 1216 3796 quaeoon-

220 3813 395 3876 tinuaverit.
422 3849 462 3860 -
487 3813 559 3897 Ego
580 3810 672 3873 hodie
687 3820 785 3896 genui
800 3823 848 3889 te,
863 3809 940 3895 etc.]
958 3811 1109 3874 Probatur
1120 3809 1217 3874 Filius

220 3932 302 3987 esse,
316 3933 387 3976 nam
401 3913 466 3996 ipse
478 3920 525 3976 est
540 3912 645 3985 Pater,
663 3911 734 3994 quia
749 3911 815 3993 ipse
828 3910 920 3985 dicit,
936 3911 1018 3992 quod
1027 3918 1076 3973 est
1090 3910 1157 3971 Ero
1169 3909 1218 3971 tll’

85 3925 254 4072 Nm
267 4011 415 4086 Patrem,
430 4018 542 4097 etipse
561 4015 638 4085 erit,
655 4023 715 4072 etc.
742 4047 782 4058 -
807 4009 853 4071 Et
868 4031 937 4069 cum
953 4015 1076 4070 iterum.
1090 4007 1102 4092 ]
1117 4008 1213 4072 Ordo.

220 4113 346 4174 Etcum
361 4110 542 4184 introducit,
565 4117 626 4173 etc.
650 4110 764 4173 Iterum
779 4108 862 4173 dicit.
890 4144 929 4157 -
953 4107 1133 4170 Introducit
1148 4115 1218 4192 pri·

220 4217 427 4295 umgenitum,
458 4209 541 4294 eta]
565 4211 643 4273 Item
662 4211 806 4292 probatur
831 4209 903 4291 quia
923 4207 1041 4291 dignior
1072 4215 1120 4270 est
1145 4206 1216 4269 An-

1093 4313 1109 4356 o
