3184 5442
483 715 601 756 ouossns
626 717 659 757 ru
683 718 731 759 nr.
758 719 800 759 nu
826 721 916 763 naen.
985 764 989 768 ,
1132 708 1196 772 145

191 856 249 928 im,
278 853 392 936 inquit,
411 854 442 916 in
456 875 543 917 novae
561 855 765 940 legislatione
784 858 898 924 factum
915 870 978 936 est;
994 867 1096 930 omnia
1114 869 1195 932 enim

190 954 332 1017 suaviter
346 962 377 1016 et
392 955 519 1018 dulciter
535 956 707 1022 indicantur
718 960 816 1022 vobis
835 997 879 1009 —
899 962 1166 1032 Seduceerstrtis.
1182 969 1194 1057 ]

194 1055 230 1118 Id
240 1062 298 1126 est,
310 1055 350 1117 ad
362 1054 566 1130 altitudinem,
578 1057 608 1119 in
622 1080 684 1141 qua
693 1059 742 1122 vel
754 1060 792 1122 de
803 1082 864 1143 qua
875 1063 996 1127 videtur
1008 1067 1104 1130 Deus¹
1118 1069 1194 1135 Sion

192 1155 274 1216 enim
285 1155 451 1238 speculatio
460 1156 688 1240 interpretatur.
718 1195 757 1207 —
783 1161 902 1224 Melius
913 1162 1098 1250 loquentem.
1112 1167 1196 1254 ]As

190 1254 292 1337 persio
304 1256 460 1340 sanguinis
471 1257 551 1320 Abel
564 1259 676 1323 clamat
688 1260 872 1336 vindictam;
888 1266 1025 1347 aspersio
1037 1269 1194 1353 sanguinis

192 1353 304 1418 Christi
324 1355 574 1420 misericordiam.
591 1396 644 1449 .—
668 1359 784 1422 Adhuc
807 1385 865 1448 ego
883 1365 1015 1451 reniet]
1031 1367 1066 1430 ln
1081 1369 1193 1454 Aggeo

190 1454 346 1538 Propheta
360 1454 404 1519 sic
420 1477 428 1517 ι
445 1455 561 1518 Adhuc·
578 1481 672 1520 omme
686 1460 843 1523 modicum
857 1476 904 1524 est
917 1516 922 1538 ,
936 1477 967 1526 et
980 1488 1038 1551 ego
1050 1490 1193 1531 commo·

193 1554 265 1616 vebo
281 1554 392 1617 coelum
407 1568 438 1617 et
455 1568 583 1620 terrum.
612 1595 652 1607 —
680 1559 842 1625 Declarat.
855 1562 937 1649 ]Per
950 1565 1007 1629 hoc
1018 1569 1101 1651 quod
1116 1569 1191 1633 dicit

192 1655 340 1730 movebo,
365 1656 536 1721 declaratur
559 1658 645 1728 coeli.
666 1668 697 1724 et
722 1673 810 1725 terrae
830 1664 1009 1741 translatio,
1025 1667 1056 1729 id
1074 1677 1139 1744 est,
1159 1669 1191 1731 in

192 1754 286 1821 ulium
300 1761 414 1818 statum
430 1757 657 1821 transmutatio
675 1758 789 1824 Probat
808 1762 865 1826 hoc
884 1784 973 1838 vero,
995 1767 1076 1848 quod
1096 1768 1191 1831 semel

191 1855 377 1931 ostenditur,
394 1857 476 1939 quod
490 1864 599 1939 postea
613 1856 715 1922 futura
730 1869 803 1924 sunt
817 1863 994 1927 immobilia.
1011 1865 1102 1943 Quod
1117 1888 1190 1930 vero

192 1953 316 2029 dicitur,
336 1975 374 2018 ea
392 1963 564 2039 quaesunt,
591 1956 634 2019 sic
654 1956 883 2044 intelligendum
904 1970 951 2026 est
971 1965 1057 2045 quasi
1075 1965 1190 2028 dicere»

190 2061 256 2126 tur,
274 2055 305 2117 id
319 2056 401 2138 quod
416 2063 496 2118 sunt.
509 2055 666 2139 Quidquid
682 2057 763 2122 enim
777 2061 836 2125 crit
850 2061 915 2124 sive
930 2062 960 2124 in
975 2063 1190 2147 principalibus

191 2154 345 2229 essentiis,
369 2156 434 2220 sive
461 2156 648 2220 extrinsecus
671 2161 817 2242 sumptis,
838 2163 1002 2225 secundum
1025 2163 1056 2226 id
1078 2165 1188 2227 immo-

191 2255 251 2318 bile
268 2255 338 2319 erit.

602 2570 671 2612 CAP.
698 2570 768 2611 xm.

231 2759 324 2821 Jesrm
339 2757 483 2820 Christus
493 2758 562 2820 heri
573 2771 603 2820 et
612 2757 715 2820 hodie.
730 2756 741 2841 ]
754 2757 970 2835 Quasidiceret
979 2760 1000 2823 J
1001 2781 1071 2824 esus
1080 2761 1184 2827 Chris-

188 2868 239 2923 tus
254 2861 306 2946 qui
326 2881 395 2923 cum
412 2860 471 2923 illis
486 2858 560 2939 fuit,
579 2861 736 2924 vobiscum
753 2867 816 2934 est,
836 2867 868 2922 et
888 2859 945 2924 erit
963 2882 1032 2924 oum
1049 2863 1184 2928 Ecclesia

188 2982 245 3024 sua
268 2961 425 3043 usquead
450 2960 743 3024 consummationem
763 2959 873 3022 saeculi.
903 2995 942 3007 —
966 2959 1041 3022 Non
1062 2964 1182 3050 escas]

186 3061 288 3124 Datur
299 3059 426 3144 intelligi
438 3061 587 3142 quosdam
595 3058 699 3134 luisse,
710 3059 762 3142 qui
772 3059 1013 3143 dogmatizarent
1023 3069 1182 3142 peccatum

186 3182 247 3222 non
267 3182 333 3223 esse
353 3163 430 3226 escis
448 3167 479 3223 et
497 3159 707 3242 voluptatibus
723 3155 858 3222 affluere.
888 3194 927 3206 —
952 3158 1111 3221 Habemus
1131 3160 1180 3222 al-

185 3271 263 3322 tare.
280 3259 404 3344 ]Causa
414 3279 467 3322 cur
476 3258 553 3322 escis
561 3278 622 3320 non
632 3257 673 3321 sit
682 3257 882 3320 immoderate
894 3255 1087 3322 affluendum.
1102 3259 1180 3324 Cum

185 3359 349 3422 sobrietate
361 3358 443 3421 enim
453 3358 602 3420 edendum
614 3364 662 3421 est
673 3377 782 3438 corpus
798 3356 909 3420 Christi
915 3359 1019 3469 Ε(111οᾱ
1028 3368 1060 3422 et
1070 3359 1100 3420 in
1113 3361 1181 3424 aliis

184 3459 355 3522 divinarum
376 3457 451 3521 locis
470 3457 687 3540 scripturarum
702 3456 799 3519 altare
813 3464 954 3533 vocatur,
973 3479 1028 3542 pro
1043 3480 1079 3522 eo
1095 3460 1180 3524 vide-

186 3558 265 3635 licet,
284 3560 366 3642 quod
377 3559 407 3621 in
421 3558 508 3641 ipso,
526 3558 558 3620 id
574 3565 638 3631 est,
651 3557 681 3619 in
697 3558 756 3620 fide
771 3557 885 3640 ipsius,
901 3560 987 3641 quasi
1001 3559 1033 3622 in
1047 3561 1179 3642 quodam

184 3659 273 3723 altari
296 3660 405 3723 oblatae
426 3679 555 3741 praees,
579 3664 610 3720 et
634 3655 826 3739 operationes
846 3664 957 3721 nostrae
980 3661 1180 3743 acceptabiles

184 3760 261 3824 fiunt
278 3760 357 3824 Dec.
384 3796 428 3807 —
454 3757 596 3843 Quorum
611 3765 695 3818 enim
713 3756 908 3820 obitualium.
925 3757 1011 3843 ]Per
1029 3760 1179 3843 duplicem

183 3860 370 3945 allegoriam,
382 3881 475 3923 unam
485 3857 620 3932 Veteris,
632 3865 663 3920 et
674 3856 804 3920 alteram
815 3856 899 3920 Novi
909 3859 1099 3923 Testamenti
1110 3883 1179 3944 pro-

183 3965 236 4027 bat
251 3983 360 4045 corpus
370 3960 485 4026 Christi
497 3980 557 4022 non
567 3979 635 4022 esse
649 3958 800 4021 edendum
814 3958 852 4020 ab
864 3957 910 4020 his
921 3959 973 4041 qui
985 3960 1178 4026 tabernaculo

181 4059 368 4123 deserviunt.
387 4058 441 4121 Ad
454 4057 511 4120 hoc
532 4055 613 4119 enim
632 4075 760 4137 corpora
777 4054 953 4117 animalium
968 4055 1076 4118 horum
1090 4067 1179 4123 extra
1205 4128 1207 4132 ,

179 4169 282 4225 castra
298 4160 527 4230 cremabantur;
541 4165 573 4219 et
584 4163 747 4239 propterea
757 4153 898 4218 Christus
907 4161 996 4218 extra
1006 4165 1126 4239 portam
1139 4161 1179 4223 ci-

179 4261 287 4326 vitatis
297 4259 468 4324 Jerusalem
479 4279 586 4342 passus
598 4265 656 4333 est,
670 4265 704 4319 nt
720 4277 774 4319 nos
787 4254 837 4338 qui
850 4276 974 4341 corpore
986 4263 1017 4319 et
1031 4258 1177 4341 sanguine

1038 4363 1071 4408 io
