3184 5442
295 777 360 841 296
677 797 706 838 n.
734 795 908 839 rtunrruuscr

297 961 385 1001 suum
402 939 535 1000 baeredes
550 939 696 1012 adscivit,
710 947 746 1000 ut
759 937 869 1000 dicitur
882 961 887 997 ;
908 966 919 988 «ι
937 937 1096 1018 Quotquot
1113 944 1299 1018 receperunt

296 1060 377 1113 euru,
395 1039 479 1101 dedit
497 1039 542 1101 eis
555 1046 740 1121 potestatem
756 1037 833 1099 lilios
849 1037 908 1099 Dei
927 1036 1002 1098 fieri.
1020 1067 1032 1088 n
1053 1035 1207 1114 Quamvis
1224 1057 1299 1120 ergo
1353 1046 1356 1051 '

297 1136 374 1199 alius
387 1137 446 1199 alio
461 1137 670 1219 praestantius,
700 1136 777 1199 alius
802 1134 861 1197 alio
884 1133 1065 1196 eminentius
1087 1134 1220 1216 gloriam
1242 1157 1300 1217 pro

296 1237 412 1299 meritis
423 1236 566 1299 sortiatur
575 1260 582 1308 ;
606 1245 708 1300 tamen
725 1257 830 1299 omnes
845 1256 936 1297 unam
951 1235 1076 1296 domum
1088 1235 1187 1317 patris
1193 1283 1203 1312 ,
1226 1235 1300 1298 lieet

295 1337 421 1399 diversis
432 1338 659 1412 mansionibus,
677 1346 708 1401 et
722 1359 815 1400 unum
831 1336 986 1398 denarium
1003 1337 1041 1397 de
1055 1335 1172 1397 visione
1191 1336 1255 1399 Dei
1268 1347 1301 1400 et

295 1437 445 1500 consortio
455 1437 645 1522 Angelorum
661 1438 842 1521 percipient.¹
858 1436 974 1518 Joseph
990 1435 1086 1496 honor
1100 1444 1183 1498 esset
1200 1436 1248 1498 eis
1264 1446 1302 1499 ut

295 1537 434 1600 dedecus
451 1537 613 1620 Oqualem
628 1537 771 1600 honorem
787 1537 941 1598 habebunt
956 1535 1033 1617 ipsi,
1056 1555 1134 1616 quos
1154 1535 1246 1598 Deus
1264 1546 1301 1599 ut

294 1635 371 1699 filios
385 1637 556 1714 honorabit,
570 1637 680 1720 Angeli
697 1647 731 1700 ut
747 1636 910 1719 principes,
926 1656 1031 1697 ornnes
1040 1634 1146 1698 Sancti
1161 1645 1199 1698 ut
1209 1637 1299 1699 Deos

294 1739 528 1800 venerabuntur.
547 1739 673 1801 Debitor
686 1746 734 1800 est
746 1737 827 1800 enim
848 1738 891 1798 eis
909 1737 996 1798 Deus
1017 1760 1022 1795 :
1045 1735 1195 1817 quiahoc
1213 1738 1299 1819 quod

295 1838 333 1900 de
347 1838 391 1900 eis
406 1840 514 1902 statuit
528 1838 639 1913 facere,
658 1848 693 1902 ut
707 1839 761 1901 hoo
772 1840 870 1909 fieret,
890 1846 955 1899 toto
971 1837 1078 1898 annisu
1089 1856 1122 1897 se
1138 1856 1299 1917 praepara-

295 1958 377 2000 vore.
393 1938 554 2002 Debitores
571 1949 643 2002 sunt
665 1939 708 2001 eis
731 1959 836 2015 omnes
854 1935 961 2021 Sancti
980 1961 985 1996 ;
1007 1934 1079 2017 quia
1097 1936 1180 2017 quod
1193 1936 1300 1998 binam

296 2037 406 2100 stolam
419 2090 424 2111 ,
440 2038 501 2100 imo
513 2039 686 2122 centuplum
696 2045 912 2121 perceperunt,
926 2057 965 2098 ex
980 2035 1024 2097 eis
1036 2056 1072 2096 ex
1084 2055 1196 2118 magna
1208 2047 1301 2118 parte

296 2137 459 2200 habebunt.
477 2139 640 2202 Debitores
655 2150 725 2202 sunt
737 2140 780 2201 eis
792 2136 905 2220 Angeli
924 2134 997 2218 quia
1013 2135 1096 2217 quod
1117 2156 1225 2197 eorum
1247 2159 1302 2198 uu-

295 2258 397 2299 merus
407 2248 453 2300 est
465 2239 624 2322 impletus,
645 2247 791 2324 quantum
805 2238 835 2298 in
848 2236 923 2319 ipsis
934 2234 991 2297 suit
1005 2285 1011 2307 ,
1030 2234 1185 2308 fecerunt,
1210 2237 1301 2298 debi-

295 2345 377 2399 tores
398 2348 467 2400 sunt
486 2339 530 2400 eis
545 2339 674 2411 eoelum,
702 2348 734 2402 et
752 2347 854 2412 terra,
879 2344 911 2398 et
930 2335 1028 2397 omnis
1043 2344 1202 2398 ereatura:
1225 2338 1301 2419 quia

295 2440 376 2518 quod
391 2447 454 2500 turn
470 2440 654 2501 excellenter
669 2440 832 2501 immutata
851 2444 941 2511 srmt,
967 2444 1002 2498 ut
1020 2435 1077 2497 hoe
1100 2438 1208 2511 fieret,
1235 2437 1299 2500 suis

295 2537 410 2598 meritis
432 2535 662 2599 festinaverunt.
687 2539 763 2599 Eliae
786 2547 818 2600 et
841 2538 946 2600 Enoch
973 2536 1120 2599 securitas
1145 2546 1229 2600 esset
1254 2539 1299 2600 eis

295 2637 412 2700 timoris
432 2620 593 2697 anxietas:
613 2638 684 2718 quia
699 2638 744 2702 ita
757 2639 857 2701 securi
877 2644 963 2710 sunt,
987 2637 1068 2719 quod
1088 2657 1144 2698 neo
1166 2646 1296 2700 mortem

295 2757 351 2800 nec
363 2735 485 2818 aliquod
496 2735 692 2800 infortunium
708 2739 859 2801 timebunt
872 2763 879 2810 ;
898 2737 1005 2800 ethaeo
1022 2736 1124 2799 omnia
1137 2758 1296 2821 nunquam

296 2837 437 2899 amittere
452 2838 616 2918 pavebunt.
637 2839 723 2901 Deus
738 2839 818 2901 enim
836 2859 895 2899 non
913 2836 1013 2899 aufert
1024 2837 1063 2899 ab
1075 2837 1130 2911 eiS,
1148 2859 1220 2900 oum
1234 2840 1297 2902 sint

251 3008 260 3022 ·
296 2936 350 2999 filii
364 2938 429 3022 ejus
439 2937 606 3000 charissimi
621 2961 626 2999 :
643 2951 673 3001 et
685 2939 743 3021 ipsi
756 2960 910 3020 nunquam
924 2937 1067 3000 amittere
1078 2937 1183 3000 volent
1196 2962 1203 3010 ;
1217 2960 1296 3001 nun-

296 3059 386 3119 quam
404 3038 496 3122 igitur
511 3059 548 3100 ea
562 3040 700 3120 perdent,
727 3039 856 3120 equuleo
868 3058 940 3100 vero
954 3038 1061 3118 erepti,
1080 3037 1153 3098 etin
1168 3059 1298 3123 regnum
1394 3080 1404 3101 0

297 3139 375 3220 rapti
390 3137 581 3220 perfruentur
598 3139 703 3201 laetitia
717 3160 772 3220 pro
788 3138 945 3200 moestitia.
970 3137 998 3199 Ο
1018 3137 1139 3219 qualern
1158 3138 1300 3202 laetitiam

297 3247 328 3298 et
343 3237 558 3299 exultationem
571 3237 629 3318 ipsi
644 3237 815 3310 habebunt,
837 3238 889 3320 qui
904 3236 1091 3319 ingaudium
1108 3237 1235 3300 Domini
1250 3239 1299 3300 in-

298 3337 448 3399 troibunt!
469 3338 593 3400 ODeus
611 3338 700 3420 quale
717 3339 862 3422 gaudium
875 3337 1040 3409 habebunt,
1058 3336 1110 3419 qui
1127 3337 1255 3401 Patrem
1268 3341 1301 3402 in

298 3436 391 3510 Filio,
411 3446 442 3498 et
453 3438 589 3499 Verbum
604 3437 634 3499 in
651 3438 754 3510 Patre,
771 3447 802 3500 et
814 3436 946 3519 Spiritus
958 3435 1055 3498 saneti
1070 3427 1252 3500 charitatem
1268 3441 1302 3502 in

298 3546 444 3618 utroque,
459 3537 546 3600 sicuti
561 3545 607 3599 est
617 3587 631 3611 ,
641 3535 717 3599 faeie
729 3537 769 3598 ad
782 3535 889 3599 faciem
906 3556 1026 3617 semper
1039 3534 1196 3598 videbunt.
1211 3538 1303 3602 Gau·

298 3636 380 3697 dium
399 3635 552 3700 habebunt
568 3638 606 3698 de
622 3637 771 3699 consortio
787 3637 992 3720 Angelorum,
1011 3635 1156 3718 gaudium
1169 3636 1207 3698 de
1222 3659 1301 3700 con-

299 3735 433 3798 tubernio
456 3739 589 3798 omnium
606 3738 800 3799 Sanctorum.
819 3737 1005 3800 Gaudebunt
1028 3734 1132 3818 itaque
1155 3736 1305 3802 debonis

298 3834 420 3896 Domini
438 3833 563 3897 interius
576 3847 607 3897 et
617 3837 761 3923 exterius,
775 3858 868 3919 supra
882 3858 927 3905 se.
940 3845 972 3898 et
981 3833 1060 3897 infra
1072 3855 1116 3906 se,
1130 3835 1304 3902 incircuitu

297 3943 329 3996 et
355 3932 497 4012 undique.
522 3935 574 3995 Ad
595 3935 659 3996 haeo
682 3956 787 3998 omnes
812 3937 926 4000 amieos
951 3956 1035 3997 meos
1058 3934 1171 4006 inuito;
1195 3935 1300 4017 quisi

297 4054 346 4094 rue
366 4030 536 4103 audierint,
561 4034 591 4093 iu
609 4053 713 4094 eorum
736 4037 903 4113 consortio,
933 4056 1061 4119 quorum
1083 4035 1179 4098 multa
1203 4036 1301 4099 millia

297 4140 387 4206 sunt,
416 4130 463 4192 his
489 4131 603 4194 deliciis
627 4129 752 4195 affluere
778 4144 810 4196 et
837 4137 1082 4218 superabundare
1107 4136 1295 4219 gaudebunt.

296 4236 393 4305 Eece,
409 4232 465 4293 boc
478 4238 524 4291 est
535 4231 656 4313 plenum
670 4233 816 4316 gaudium
831 4258 837 4306 ;
858 4244 890 4298 et
907 4235 969 4296 haeu
987 4244 1035 4298 est
1050 4235 1183 4296 omnium
1200 4237 1299 4298 bono-

297 4355 365 4395 rum
377 4330 555 4395 sufficientia
567 4333 630 4394 sine
643 4334 724 4395 omni
738 4334 918 4418 indigentia.
