3184 5442
344 724 348 731 '
402 726 490 766 LIBER
514 725 553 764 DE
574 723 710 765 CORPORE
733 721 770 764 ET
793 722 884 764 SANG.
911 721 1033 764 DOMINI.
1149 703 1211 764 167

219 868 379 940 naturam,
397 869 428 924 et
443 860 604 925 veritatem
623 861 654 922 in
672 882 706 924 se
721 861 856 924 continet
870 859 1031 942 exquibus
1046 859 1212 924 conficitur.

221 962 386 1027 Conficitur
405 968 525 1036 autem,
543 968 574 1024 te
593 961 686 1023 etiam
700 968 793 1039 teste,
812 960 989 1024 sacrificium
1005 958 1150 1022 Ecclesia
1164 981 1216 1022 sa-

220 1069 393 1138 cramento,
415 1070 447 1125 et
466 1082 499 1123 re
520 1061 718 1136 sacramenti,
742 1062 776 1124 id
801 1069 848 1124 est
868 1081 993 1142 corpore
1017 1059 1141 1123 Christi.
1159 1061 1219 1122 Est

220 1159 313 1244 igitur
335 1168 576 1236 sacramentum,
601 1170 633 1224 et
659 1183 709 1224 res
733 1160 939 1235 sacramenti,
962 1160 1081 1234 idest,
1108 1179 1218 1242 corpus

221 1259 347 1326 Christi.
369 1261 509 1326 Christus
523 1268 625 1324 tamen
652 1291 665 1313 a
689 1283 850 1346 resurgens
873 1282 912 1324 ex
932 1259 1059 1324 mortuis
1076 1259 1142 1344 jam
1155 1280 1217 1322 non

220 1362 359 1438 moritur,
377 1382 460 1425 mors
470 1361 606 1424 illiultra
619 1384 680 1424 nou
694 1363 909 1426 dominabitur.
932 1393 945 1415 n
965 1361 1029 1425 Sed
1049 1359 1126 1423 sicut
1144 1359 1218 1423 dicit

221 1462 363 1526 Andreas
384 1461 572 1545 Apostolus,
600 1482 667 1524 cum
691 1483 763 1525 vere
785 1462 926 1525 interris
948 1481 1054 1524 carnes
1077 1461 1143 1545 ejus
1156 1459 1217 1522 sint

220 1568 379 1637 comestoe,
406 1568 436 1624 et
456 1581 529 1624 vere
552 1561 675 1644 sanguis
698 1563 763 1647 ejus
788 1562 829 1625 sit
855 1561 985 1633 bibitus;
1015 1560 1081 1642 ipse
1113 1567 1216 1622 tamen

222 1661 369 1743 usquein
394 1669 533 1744 tempora
559 1660 760 1723 restitutionis
780 1661 914 1723 omnium
932 1662 963 1722 in
984 1659 1156 1724 coelestibus
1176 1660 1217 1720 ad

223 1760 381 1822 dexteram
399 1760 501 1823 Patris
520 1759 639 1842 integer
660 1768 854 1842 perseverat,
878 1767 909 1822 et
929 1758 1026 1821 vivus
1051 1758 1086 1820 Si
1107 1757 1216 1839 quaeris

222 1859 344 1921 modum
360 1880 421 1941 quo
431 1860 463 1922 id
476 1859 539 1922 fieri
551 1859 658 1942 possit,
678 1859 809 1922 breviter
823 1860 863 1921 ad
879 1879 1012 1940 praesens
1028 1857 1211 1938 respondeo:

223 1958 406 2043 Mysterium
418 1968 466 2022 est
478 1958 567 2024 fidei:
581 1959 662 2023 credi
676 1959 837 2022 salubriter
850 1966 961 2040 potest,
974 1955 1120 2040 vestigari
1135 1955 1214 2017 utili-

223 2065 270 2121 ter
280 2079 339 2123 non
354 2066 468 2141 potest.

268 2367 322 2432 ll.
347 2369 489 2434 Benene.
514 2369 627 2432 “Unde
639 2370 745 2432 beatus
757 2369 966 2454 Augustinus,
982 2367 1013 2429 in
1023 2369 1210 2454 Evangelio:

224 2467 353 2544 Quando
360 2468 503 2534 Christus
509 2472 719 2545 manducatur,
730 2471 795 2534 vita
802 2471 1017 2543 manducatum
1029 2490 1086 2534 nec
1093 2472 1214 2554 quando

224 2569 459 2645 manducamus,
473 2578 577 2652 partes
587 2570 624 2633 de
635 2570 686 2632 illo
698 2569 835 2634 facimus.
858 2602 870 2623 n

205 2726 208 2732 .
266 2668 388 2734 Lunna
404 2669 521 2734 Beatus
532 2669 940 2755 AugustinusinEvangelio
950 2670 1128 2744 nihildixit;
1143 2671 1215 2754 quia

225 2767 554 2854 aliquidinEvangelio
564 2770 676 2834 dixisse
683 2771 816 2854 aliquem
824 2792 974 2853 nusquam
984 2771 1094 2856 legitur
1103 2779 1214 2853 praeter

224 2868 391 2932 Dominum
406 2877 437 2933 et
452 2871 678 2954 Evangelistas,
696 2891 809 2954 easque
823 2891 979 2952 personas,
995 2891 1062 2952 quae
1075 2891 1131 2952 pro
1141 2891 1214 2952 qua·
1335 2929 1342 2948 ,

225 2967 312 3032 litate
331 2990 449 3046 rerum,
474 2979 506 3034 et
526 2979 637 3035 eventu
659 2979 830 3054 temporum
851 2969 933 3052 loqui
953 2970 986 3032 in
1006 2969 1174 3055 Evangelio
1194 2990 1214 3032 a

225 3068 423 3152 scriptoribus
435 3069 595 3154 Evangelii
608 3071 814 3154 perhibentur.
830 3068 958 3152 Scripsit
975 3090 1047 3132 vero
1063 3068 1213 3152 prolixum

225 3187 302 3250 opus
321 3169 517 3234 historialiter
534 3172 713 3254 exponendo
731 3169 934 3253 Evangelium
955 3168 1079 3232 Domini
1105 3188 1213 3230 secun·

226 3248 471 3332 dumloannem.
491 3269 528 3332 ln
545 3291 606 3352 quo
621 3290 711 3354 opere
730 3268 858 3353 praelata
876 3267 1028 3332 sententia
1046 3267 1211 3350 reperitur,

225 3389 317 3452 quam
331 3390 388 3433 nos
402 3370 512 3433 devote
526 3370 722 3453 suscipimus,
739 3377 771 3433 et
782 3369 885 3432 debita
897 3370 1067 3433 reverentia
1082 3367 1214 3432 honora-

226 3489 315 3542 mus;
334 3468 407 3552 quia
422 3489 477 3551 pro
497 3469 583 3533 nobis
598 3468 688 3543 facit,
710 3478 742 3533 et
759 3468 882 3534 veritati
896 3475 1063 3548 consonat,
1079 3468 1131 3532 ubi
1146 3469 1189 3533 ait
1204 3493 1211 3533 t

231 3597 244 3620 u
266 3569 326 3646 Qui
340 3569 503 3632 manducat
514 3589 635 3632 camem
647 3588 746 3632 meam
756 3621 763 3645 ,
778 3576 810 3631 et
820 3567 897 3632 bibit
911 3567 1088 3654 sanguinem
1099 3589 1212 3643 meum,

227 3668 257 3730 in
268 3689 318 3732 me
331 3677 451 3743 manet,
468 3676 500 3732 et
514 3690 570 3752 ogo
596 3668 627 3731 in
646 3690 722 3732 eo.»
746 3669 814 3733 Nec
835 3669 955 3751 quaudo
976 3670 1211 3748 manducamus,

226 3777 329 3850 partes
348 3771 387 3832 de
403 3769 455 3832 illo
477 3768 616 3833 facimus,
642 3770 737 3834 Absit
758 3769 857 3843 enim,
884 3776 919 3832 ut
945 3768 989 3832 sic
1013 3767 1216 3850 intelligamus

227 3869 403 3933 manducari
413 3869 584 3944 Christum,
601 3870 856 3954 quemadmodum
874 3869 1089 3933 intellexemnt
1102 3867 1146 3930 illi
1163 3868 1214 3951 qui

226 3988 294 4031 cum
313 3969 453 4033 audirent
477 3969 627 4034 dicentem
642 3970 819 4034 Dominum.
842 4001 855 4022 a
873 3969 943 4032 Nisi
961 3968 1216 4032 manducaveritis

226 4088 347 4132 carnem
360 4069 413 4132 lilii
430 4068 578 4143 hominis,
593 4077 624 4133 et
637 4069 773 4133 biberitis
786 4071 852 4156 ejus
867 4068 1045 4153 sanguinem
1060 4119 1067 4141 ,
1084 4088 1144 4130 non
1160 4067 1216 4129 ha-

227 4167 338 4232 bebitis
351 4170 448 4232 vitam
461 4168 493 4230 in
508 4169 606 4233 nobis.
629 4202 641 4223 n
660 4170 811 4235 Continuo
821 4171 1058 4252 respoudemnt:
1083 4198 1095 4219 u
1113 4168 1217 4229 Durus

227 4274 275 4332 est
293 4267 341 4332 hio
371 4289 488 4344 sermo,
513 4276 544 4332 et
564 4269 633 4352 quis
648 4277 750 4352 potest
766 4290 836 4333 eum
855 4268 975 4332 audiret
996 4302 1008 4321 »v
1028 4270 1217 4332 Putavenmt
