3184 5442
556 708 764 748 enuernnnruu
789 709 856 749 srva
880 709 1037 751 nrnnoous
1228 694 1293 757 269

296 847 443 931 templum
454 846 525 924 Dei,
538 847 619 928 quod
629 846 804 908 dedicatum
817 854 864 909 est
874 847 1020 929 sanguine
1032 847 1144 911 Christi
1157 873 1163 920 ;
1183 861 1214 913 et
1229 853 1294 916 sive

295 948 327 1008 in
345 968 470 1029 campo,
489 945 554 1007 sive
569 945 599 1007 in
612 945 717 1030 sylva,
737 946 783 1008 vel
797 946 828 1008 in
844 946 980 1028 palude,
990 948 1039 1009 vel
1057 948 1088 1008 in
1105 950 1213 1031 quovis
1228 952 1292 1014 loco

295 1047 495 1130 sepeliantur,
512 1045 561 1108 vel
572 1045 784 1129 projiciantur,
805 1046 852 1108 vel
866 1067 885 1108 a
899 1046 1005 1108 bestiis
1016 1048 1065 1109 vel
1080 1069 1099 1109 a
1112 1049 1218 1112 belluis
1237 1052 1292 1113 de-

294 1152 450 1224 vorentur,
468 1165 590 1227 semper
600 1145 630 1206 in
645 1144 761 1228 gremio
775 1145 921 1208 Ecclesiae
930 1144 1139 1224 confoventur,
1153 1170 1220 1231 quae
1238 1172 1292 1233 per

295 1245 485 1308 latitudinem
498 1252 585 1307 terrae
598 1243 791 1326 diffunditur„

339 1345 380 1408 D.
406 1343 532 1409 Confert
549 1343 641 1428 justis
659 1343 785 1426 aliquid,
809 1345 887 1426 quod
904 1344 936 1404 in
951 1344 1078 1407 sacratis
1094 1346 1168 1409 locis
1186 1355 1289 1413 tumu-

295 1443 411 1508 lanturl
431 1479 471 1491 -
487 1443 532 1505 M.
552 1442 612 1504 Per
629 1443 777 1524 quosdam
789 1443 889 1529 justos
904 1442 971 1504 loca
984 1450 1154 1524 sacrantur,
1170 1447 1203 1508 in
1223 1450 1291 1531 qui-

294 1547 351 1608 bus
363 1544 561 1608 tumulantur.
586 1543 645 1618 Qui
666 1550 767 1605 autem
792 1542 824 1605 in
842 1541 940 1624 poenis
959 1550 1030 1605 sunt
1047 1543 1079 1605 in
1095 1565 1130 1606 eo
1145 1549 1287 1628 prodest,

296 1645 376 1726 quod
390 1664 492 1706 eorum
506 1661 632 1723 corpora
645 1641 676 1702 in
690 1641 784 1704 sacris
796 1641 870 1704 locis'
884 1641 1080 1722 sepeliantur,
1094 1647 1175 1725 quod
1186 1668 1289 1712 eorum

294 1744 433 1826 precibus
449 1743 633 1827 adjuvantur
650 1741 759 1822 quibus
780 1760 835 1822 per
854 1740 1041 1822 sepulturam
1060 1743 1224 1808 sociantur.
1245 1751 1289 1812 Et

294 1843 325 1905 in
339 1843 395 1906 hoc
411 1843 504 1905 etiam
520 1840 661 1922 prodest,
687 1839 770 1922 quod
788 1859 858 1901 cum
873 1839 962 1902 amici
975 1839 1094 1903 illorum
1115 1842 1156 1904 ibi
1176 1865 1287 1910 conve-

293 1941 397 2016 niunt,
428 1943 466 2004 de
493 1937 694 2001 monumentis
717 1938 864 2001 admoniti
889 1958 994 2019 preces
1014 1960 1069 2021 pro
1093 1941 1136 2003 eis
1154 1942 1286 2011 Domino

294 2038 436 2103 fundrmt.

337 2142 379 2204 D.
404 2141 534 2204 Prodest
556 2139 661 2211 malis,
684 2138 708 2199 si
728 2138 759 2198 in
777 2138 843 2200 loco
864 2158 949 2199 sacro
970 2139 1170 2219 sepeliantur!
1184 2179 1223 2190 -
1237 2145 1283 2207 M.

294 2241 359 2303 Irno
381 2242 468 2303 obest
490 2239 636 2314 multum,
664 2236 690 2297 si
714 2235 757 2297 eis
779 2255 834 2316 per
859 2236 1045 2317 sepulturam
1063 2239 1288 2322 junguntur,a

294 2341 403 2424 quibus
416 2361 472 2423 per
483 2338 623 2402 meritum
641 2337 730 2420 longe
744 2335 955 2420 disjunguntur
969 2360 974 2396 ε
990 2337 1069 2399 unde
1090 2349 1122 2402 et
1137 2342 1224 2404 multi
1239 2344 1285 2406 le-

293 2450 404 2524 guntur
417 2462 498 2523 saepe
511 2461 566 2522 per
579 2440 730 2501 daemones
745 2435 855 2509 effossi,
880 2443 912 2498 et
930 2458 949 2498 a
969 2438 1062 2500 sacris
1078 2439 1152 2503 locis
1167 2442 1286 2527 longius

294 2542 430 2627 projecti.

338 2634 380 2705 D'.
406 2641 510 2725 L'onge
521 2648 552 2703 te
564 2638 762 2716 faciat-Deus,
778 2639 855 2699 bone
867 2638 993 2710 Doctor,
1013 2659 1032 2700 a
1048 2639 1152 2713 malis,
1172 2651 1204 2704 et

1346 905 1393 940 V

357 2807 464 2855 Civibus
477 2807 600 2856 aethereia
614 2807 735 2854 societte
748 2803 867 2851 Christus
880 2802 907 2849 in
919 2802 1002 2849 astris.

295 2956 408 3018 Amen.

587 3314 588 3318 ,
690 3248 822 3312 LIBER
845 3247 901 3309 Ill.

339 3547 370 3608 l.
398 3545 446 3606 De
455 3542 640 3605 deductione
647 3543 806 3624 justorum
827 3548 860 3600 in
878 3538 1087 3624 paradisum
1107 3542 1230 3628 etquid
1244 3553 1286 3606 sit

288 3644 476 3731 paradisus

337 3745 379 3808 D.
405 3745 477 3807 Jam
491 3740 655 3804 innumeris
665 3740 773 3825 hydrae
786 3740 935 3821 capitibus
946 3743 1091 3823 praecisis,
1110 3742 1177 3805 aliis
1194 3750 1287 3826 atque

293 3843 361 3906 aliis
378 3843 603 3907 renascentibus
617 3862 673 3923 pro
693 3840 754 3912 eis
773 3839 836 3917 eia,
862 3840 916 3902 lux
932 3842 1090 3920 Ecclesia,
1110 3843 1208 3926 arripe
1222 3844 1288 3926 gla-

293 3944 375 4007 dium
389 3952 450 4007 tuae
464 3943 571 4006 nobilis
582 3942 707 4026 linguae,
736 3948 767 4003 et
789 3940 909 4025 sylvam
930 3942 1147 4023 quaestionum,
1176 3943 1206 4004 in
1228 3963 1290 4024 qua

293 4063 371 4118 erro,
390 4043 526 4115 succide,
544 4050 579 4105 ut
591 4041 681 4104 liceat
697 4040 771 4102 mihi
786 4041 956 4104 errabundo
975 4063 1029 4123 per
1049 4050 1080 4105 te
1096 4042 1136 4102 ad
1147 4062 1287 4122 campum

292 4144 424 4208 scientiae
435 4145 518 4208 exire
531 4168 537 4216 ;
553 4152 584 4207 et
595 4144 723 4226 qualiter
734 4145 813 4205 circa
820 4143 983 4207 morientes
995 4150 1103 4226 agatur
1115 4142 1220 4205 evolve
1228 4143 1284 4203 l—

293 4244 340 4306 M.
359 4244 444 4308 Sicut
459 4265 588 4327 sponsus
608 4265 676 4306 curn
692 4242 883 4306 multitudine
904 4243 1033 4307 militum
1058 4243 1098 4304 ad
1118 4241 1284 4321 suscipien-
