3184 5442
210 1311 320 1372 LIBER
338 1310 387 1372 DE
401 1310 577 1374 CORPORE
593 1313 642 1373 El
657 1313 863 1378 SANGUlNE
886 1316 1035 1380 DOMINI
1059 1319 1200 1384 NOSTRI

447 1425 650 1491 ADVERSUS
670 1428 970 1494 BERENGARlUM.

253 1748 284 1812 1.
309 1748 521 1812 hurnnncos
536 1749 743 1813 misericordia
757 1750 817 1813 Dei
832 1749 1023 1828 Catholicus,
1046 1754 1204 1838 Berenga·
1233 1815 1237 1824 ,

208 1849 252 1911 rio
275 1847 440 1912 Catholicae
458 1848 602 1911 Ecclesiae
619 1848 804 1913 adversario.
829 1849 865 1914 Si
882 1849 985 1914 divina
1004 1851 1103 1935 pictas
1122 1854 1204 1918 cordi
1223 1804 1229 1889 l

208 1958 262 2013 tuo
287 1948 434 2031 inspirare
455 1949 644 2031 dignaretur,
671 1957 823 2032 quatenus
843 1958 984 2032 respectu
1003 1953 1085 2038 ejus,
1112 1962 1206 2037 atque
1254 2026 1257 2033 ¹

209 2048 317 2113 animae
333 2056 393 2111 tuae
411 2069 531 2111 mecum
545 2049 629 2131 loqui
644 2049 754 2124 velles,
778 2050 937 2132 locumque
956 2060 1160 2134 opportunum
1174 2054 1206 2116 in

209 2171 271 2234 quo
286 2149 320 2211 id
334 2157 540 2231 competenter
553 2157 657 2232 posset
677 2150 760 2224 fieri,
783 2149 896 2213 salubri
917 2151 1132 2215 deliberatione
1151 2153 1206 2216 eli-

209 2271 297 2335 geres
310 2274 316 2313 :
332 2250 461 2313 multum
471 2249 601 2313 fortasse
612 2250 684 2324 tibi,
703 2252 899 2333 proculdubio
911 2259 1012 2315 autcm
1025 2251 1063 2314 iis
1074 2252 1207 2316 consule-

209 2371 273 2426 reS,
291 2372 367 2434 quos
384 2350 515 2433 decipiS,
532 2352 677 2433 deceptos
695 2372 785 2427 vero,
812 2373 848 2415 ao
866 2358 965 2414 morte
985 2359 1156 2434 praeventos
1175 2353 1207 2416 in

210 2472 315 2534 poenas
333 2458 462 2514 aeternas
479 2451 674 2515 transmittis.
694 2451 818 2514 Etenim
837 2458 1018 2535 cooperante
1033 2451 1142 2534 spiritu
1155 2453 1207 2536 qui

210 2551 262 2615 ubi
275 2551 342 2616 vult
357 2552 470 2633 spirat,
489 2551 624 2616 eveniret
637 2573 654 2614 e
670 2553 787 2615 duobus
804 2553 999 2627 alterutrum,
1018 2552 1160 2616 videlicet
1173 2562 1208 2617 ut

211 2661 265 2716 aut
278 2651 378 2735 tuipse
390 2651 529 2734 deposito
544 2651 692 2735 superbiae
704 2651 784 2716 fastu
797 2674 857 2736 quo
868 2653 976 2736 plenus
988 2661 1093 2716 contra
1104 2655 1207 2716 orbem

213 2763 360 2817 terrarum
375 2751 488 2814 sentire
504 2751 641 2834 coepisti,
664 2752 838 2816 auctrritat‘
862 2753 957 2817 totius
972 2761 1084 2815 sanctae
1100 2753 1208 2816 Eccle-

211 2853 279 2927 siae,
301 2852 452 2935 rectisque
469 2859 643 2915 sanctarum
656 2851 883 2936 Scripturarum
899 2850 1136 2934 expositionibus
1152 2846 1208 2914 adss

212 2952 397 3034 quiesceres,
413 2958 444 3013 et
454 2951 497 3014 sic
511 2958 542 3014 te
552 2972 588 3015 ac
599 2971 744 3034 sequaces
755 2957 825 3014 tuos
836 2951 875 3012 dc
886 2949 1018 3013 tenebris
1029 2950 1154 3024 erroris,
1173 2971 1209 3014 ac
1233 2961 1241 3019 l

212 3051 361 3135 profundo
379 3052 548 3135 iniquitatis
565 3072 687 3115 erueres
702 3074 709 3113 :
725 3058 779 3114 aut
793 3059 824 3114 te
839 3049 871 3111 in
888 3056 941 3111 tua
954 3048 1123 3131 pertinacia
1138 3071 1209 3133 per-

213 3153 351 3228 sistente,
364 3152 423 3236 ipsi
432 3152 544 3217 auditis
553 3152 722 3215 rationibus
731 3150 895 3214 miserante
903 3150 972 3213 Deo
984 3149 1206 3232 resipiscerent,

214 3261 246 3316 et
263 3254 303 3316 ad
321 3273 428 3316 veram
445 3253 556 3326 fidem,
575 3272 668 3335 quam
684 3258 792 3314 sancta
810 3247 948 3313 Ecclesia
965 3249 1130 3332 praedicare
1150 3271 1209 3313 uon

214 3361 330 3432 cessat,
346 3352 472 3416 consilio
487 3352 611 3415 meliore
626 3351 770 3415 redirent.
788 3350 850 3414 Sed
860 3349 931 3433 quia
942 3348 1061 3432 elegisti
1074 3349 1210 3432 pravita-

217 3459 295 3523 tem.
322 3473 415 3536 quam
438 3452 533 3516 semel
554 3451 715 3524 imbibisti,
739 3450 936 3516 clandestinis
957 3449 1212 3533 disputationibus

216 3553 297 3636 apud
315 3552 473 3635 imperitos
495 3552 600 3616 tueri:
623 3552 726 3634 palam
745 3559 864 3632 autem,
890 3559 984 3634 atque
1004 3550 1036 3613 in
1057 3550 1212 3614 audientia

216 3652 312 3717 sancti
327 3652 455 3717 Concilii
470 3653 670 3716 orthodoxam
685 3651 777 3713 fidem
791 3674 852 3714 non
868 3671 971 3714 amore
985 3649 1140 3725 veritatiS,
1158 3652 1213 3714 sed

217 3751 325 3816 timore
338 3753 446 3817 mortis
459 3752 596 3818 confiteri
609 3774 617 3815 ι
630 3758 791 3837 propterea
803 3750 917 3836 refugis
930 3772 995 3825 me,
1015 3748 1129 3834 refugis
1139 3749 1211 3813 reli-

216 3851 318 3936 giosas
332 3871 494 3935 personas,
512 3872 581 3935 quae
592 3852 631 3914 de
645 3850 746 3914 verbis
761 3851 838 3926 tuis,
857 3872 894 3915 ac
909 3849 985 3914 meis
1001 3850 1121 3932 possint
1134 3846 1213 3912 serre
1258 3889 1260 3892 -

216 3952 411 4016 sententiam.
435 3952 469 4016 In
489 3973 617 4036 quarum
638 3952 802 4035 prasentia
823 3953 861 4015 de
880 3951 963 4014 nulla
982 3971 1015 4013 re
1037 3957 1069 4013 te
1090 3949 1210 4024 audire,

216 4061 380 4136 tecumque
396 4051 531 4116 conferre
546 4050 687 4114 libentius
701 4050 828 4124 vellem;
845 4071 937 4134 quam
953 4049 1035 4133 quod
1047 4048 1214 4112 sententias

217 4151 278 4216 tuis
299 4152 459 4217 sententiis
474 4152 650 4216 commodas
669 4150 833 4234 plectenda
854 4150 1027 4214 temeritate
1044 4148 1210 4232 confingis:

218 4271 330 4335 easque
342 4274 395 4317 seu
411 4253 511 4318 studio
521 4252 666 4328 nocendi,
682 4272 736 4316 seu
747 4251 919 4336 ignorantia
931 4248 1010 4325 veri,
1026 4247 1214 4312 sacrisDoc-

1063 4354 1106 4399 ro.
