3184 5442
435 697 479 756 94
820 714 848 752 n.
875 713 1049 755 murnencr

432 860 524 917 runt:
539 860 571 916 et
579 859 688 936 putare
696 853 798 916 Deum
808 872 870 915 non
881 871 986 916 curare
995 851 1092 927 illurn,
1105 853 1158 936 qui
1169 853 1214 918 sic
1224 853 1433 942 affligebatur.

440 989 480 1002 -
504 953 594 1039 Ergo
614 950 771 1014 beatitudo
789 950 934 1037 vestra]
945 948 1110 1016 Beatitudo
1130 951 1276 1021 illiserat
1295 958 1437 1040 Aposto-

437 1051 500 1115 lum
522 1051 657 1136 diligere,
681 1058 713 1115 et
734 1051 894 1134 praecptis
917 1052 984 1137 ejus
1009 1051 1040 1113 in
1064 1052 1205 1116 omnibus
1223 1055 1362 1130 obedire;
1382 1061 1439 1123 sed

438 1153 517 1216 hanc
540 1151 759 1215 beatitudinem
782 1150 909 1233 quidam
931 1150 1050 1214 illorum
1074 1151 1290 1234 perdiderant,
1314 1156 1368 1238 qui
1396 1159 1439 1222 ad

438 1253 588 1316 crdturam
614 1251 784 1314 daemonum
804 1249 920 1325 redire,
951 1258 982 1313 et
1005 1250 1051 1312 eis
1074 1250 1190 1314 servire
1213 1253 1368 1320 volebant.
1389 1251 1436 1306 ’-

439 1352 600 1413 Parturtc.
615 1349 626 1434 ]
640 1349 716 1414 Nati
735 1356 766 1411 et
788 1348 870 1431 parti
892 1356 981 1412 erant
1000 1348 1031 1410 in
1057 1349 1117 1412 lide
1129 1349 1262 1426 Christi;
1286 1355 1342 1417 sed
1365 1356 1439 1438 quia

439 1451 563 1534 quidam
578 1449 697 1513 illorum
711 1449 801 1512 fidem
813 1448 993 1513 dimiserant
1010 1448 1148 1531 pariendi
1163 1450 1272 1514 iterum
1291 1454 1331 1517 ab
1345 1453 1437 1537 Apo·

439 1551 518 1615 stolo
540 1557 645 1624 erant,
669 1549 751 1632 quod
771 1568 869 1631 usque
891 1546 1075 1611 formaretur
1099 1547 1241 1613 Christus
1258 1550 1290 1613 in
1309 1552 1365 1617 eis.
1393 1589 1436 1604 -

304 1722 308 1727 ,
441 1648 651 1726 Diademati,
665 1655 719 1736 qut
739 1644 796 1708 sub
812 1645 883 1732 lege
897 1645 997 1708 vultis
1013 1669 1094 1708 csse.
1112 1645 1124 1733 ]
1140 1649 1213 1711 Non
1227 1649 1345 1714 debetis
1358 1652 1438 1717 velle

441 1752 497 1814 sub
509 1750 577 1834 lege
588 1769 666 1824 esse,
681 1749 737 1811 sed
747 1749 804 1812 sub
815 1746 1032 1812 Ecclesiastica
1044 1747 1144 1831 gratia
1157 1772 1163 1810 :
1175 1748 1227 1811 lex
1239 1752 1319 1812 enirn
1331 1771 1438 1815 servos

442 1857 579 1935 generat,
601 1847 740 1913 Ecclesia
757 1846 888 1910 liberos:
904 1846 988 1928 quod
1008 1844 1166 1928 scripturae
1185 1847 1368 1912 auctoritate
1391 1850 1438 1913 sic

440 1951 561 2032 probat,
586 1949 688 2012 dicens
701 1970 707 2008 ε
720 1946 874 2011 Ancillam
885 1946 972 2030 Agar
986 1945 1119 2009 abrahe
1136 1966 1260 2009 servum
1273 1947 1415 2032 genuisse
1427 1974 1435 2021 ;

441 2050 551 2113 Seram
566 2068 639 2130 vero
654 2047 794 2121 liberam,
814 2046 942 2109 liberum
958 2044 1053 2107 filiurn
1071 2044 1211 2108 edidisse.
1233 2047 1277 2110 Et
1295 2067 1333 2109 ne
1352 2047 1439 2113 dicas

442 2148 524 2232 quod
541 2149 620 2212 Sara
630 2153 662 2209 et
675 2146 763 2229 Agar
774 2145 815 2207 ad
828 2144 927 2228 legem
943 2152 976 2207 et
989 2143 1171 2218 Ecclesiam,
1189 2151 1222 2208 et
1236 2147 1317 2228 quod
1332 2142 1438 2212 eciam

442 2246 506 2318 lilii,
524 2247 565 2309 ad
576 2253 737 2326 utrumque
750 2243 897 2326 populum
912 2266 919 2304 :
933 2245 976 2307 Et
990 2242 1154 2326 respondet
1163 2243 1343 2327 Apostolus,
1355 2247 1440 2328 quod

443 2346 558 2408 dictum
576 2350 623 2407 est
639 2343 677 2405 de
696 2344 814 2405 duabus
832 2342 991 2415 matribus,
1014 2349 1046 2406 et
1061 2363 1167 2406 earum
1185 2343 1270 2419 filiis,
1287 2365 1343 2427 per
1362 2345 1441 2409 alle-

443 2442 560 2527 goriam
580 2442 619 2505 de
640 2441 723 2524 lege,
743 2448 775 2504 et
787 2439 895 2522 'gratia
914 2439 1025 2502 debere
1049 2440 1187 2523 intelligi.
1208 2442 1298 2520 Quod
1318 2443 1440 2523 plenius

442 2540 578 2605 invenies
590 2540 632 2603 ibi
647 2538 733 2602 :Sed
740 2547 794 2627 qut
805 2538 844 2600 dc
859 2538 989 2616 orevilla,
1006 2551 1066 2602 etc.
1092 2577 1137 2588 -
1164 2538 1320 2626 Quoniam
1329 2540 1440 2604 Abra-

444 2637 528 2702 ham.
544 2637 556 2724 ]
571 2639 741 2704 Ostendere
768 2639 836 2702 vult
860 2638 1016 2702 honestius
1041 2641 1098 2703 sub
1117 2640 1216 2723 gratia
1233 2640 1305 2704 novi
1324 2642 1440 2707 Testa·

445 2737 541 2802 menti
564 2758 647 2812 esse,
665 2758 758 2821 quam
776 2739 832 2800 sub
859 2737 927 2820 lege
945 2738 1133 2802 Judaeorum.
1153 2739 1329 2819 Abraham,
1350 2740 1440 2807 Deus

445 2837 540 2903 Pater
555 2836 743 2922 intelligitur.
761 2837 833 2900 Duo
847 2836 920 2906 filii,
942 2837 1029 2919 plebs
1048 2838 1239 2915 Judaeorum,
1254 2847 1287 2904 et
1307 2840 1440 2923 populus

445 2939 606 3003 Gentium.
619 2936 750 3011 Ancilla,
768 2936 818 2999 lex
832 2955 901 3019 quae
915 2956 1020 2999 servos
1034 2937 1189 3020 gignebat,
1206 2937 1315 3001 timore
1325 2959 1440 3023 cogens

445 3061 509 3117 eos,
527 3039 629 3103 dicens
642 3037 696 3103 :Si
714 3037 783 3122 quis
801 3038 857 3102 hoc
871 3037 921 3100 vel
934 3036 1008 3101 illud
1022 3036 1142 3112 lecerit,
1158 3045 1256 3101 morte
1276 3038 1436 3104 moriatur.

445 3139 556 3203 Libera
569 3138 742 3223 pradicatio
762 3136 833 3201 novi
853 3136 1061 3211 Testamenti,
1079 3156 1146 3219 quae
1163 3136 1274 3200 liberos
1297 3146 1436 3222 generat,

445 3246 574 3321 paterna
593 3239 752 3303 dilectione
772 3258 951 3302 ammonens
970 3259 1023 3301 ecs
1044 3237 1146 3302 dicens
1164 3261 1170 3300 :
1191 3236 1303 3299 Venite
1322 3236 1369 3299 ud
1389 3260 1440 3301 mc

446 3360 565 3416 omncs,
586 3346 640 3424 qui
665 3337 831 3402 laboratis.
857 3374 897 3388 -·
922 3337 1099 3400 Secundum
1123 3335 1291 3422 earnem]
1312 3337 1350 3401 Id
1370 3345 1436 3410 est,

445 3435 596 3498 carnalem
614 3436 879 3508 consuetudinem;
899 3436 971 3517 quia
987 3435 1109 3521 juvenis
1130 3436 1237 3500 mulier
1252 3457 1289 3500 ex
1303 3435 1440 3500 seneha

446 3533 527 3596 mine
545 3534 623 3597 solet
642 3534 811 3616 concipere.
839 3570 879 3583 -
909 3533 972 3618 Qut
985 3537 1170 3619 conjunctus
1185 3549 1232 3598 est
1247 3544 1286 3599 ct.
1302 3535 1314 3622 ]
1328 3536 1366 3600 ld
1377 3544 1436 3609 ast.

446 3652 486 3694 ex
501 3630 613 3694 honore
629 3631 694 3716 ejus
714 3638 771 3694 est.
785 3631 845 3694 Vel
865 3651 932 3713 quae
948 3632 1035 3714 Agar
1055 3633 1216 3718 conjuncta
1235 3643 1299 3710 est,
1321 3635 1353 3697 id
1377 3643 1436 3712 aet,

444 3736 534 3794 vetus
550 3730 781 3795 Testamentum
801 3728 993 3815 conjungitur
1015 3752 1106 3807 novo,
1133 3743 1165 3796 et
1185 3735 1296 3811 servit;
1316 3734 1389 3818 quia
1406 3732 1440 3796 in

444 3830 502 3893 hac
521 3828 662 3913 praesenti
678 3828 744 3892 vita
765 3828 859 3892 servit
879 3828 1027 3893 Ecclesia.
1047 3831 1103 3894 Vel
1124 3832 1219 3897 servit
1234 3835 1396 3920 conjuncta
1410 3834 1441 3897 ei

444 3950 512 4012 qua
529 3950 609 3995 nunc
628 3936 677 3993 est
700 3929 882 4004 Jerusalem,
900 3929 932 3992 id
950 3936 1009 4005 est,
1026 3930 1103 4016 legis
1123 3934 1256 3998 carnalia
1279 3941 1388 3999 tenens
1406 3933 1440 3997 in

443 4031 465 4094 J
465 4029 625 4093 enisalem.
637 4028 697 4092 Vel
708 4029 799 4092 modo
811 4037 859 4093 est
868 4031 1028 4116 conjuncta
1037 4028 1193 4109 Ecclesia,
1206 4039 1239 4097 et
1248 4033 1333 4116 prius
1344 4031 1442 4097 servit

444 4130 500 4192 sub
525 4130 603 4213 lege.
630 4163 673 4176 -
696 4127 1022 4214 semicorruptum]
1040 4131 1162 4197 Servire
1186 4131 1260 4195 dicit
1284 4141 1438 4196 terrenam

444 4229 613 4293 Jerusalem
624 4278 630 4304 ,
641 4229 692 4291 nel
707 4229 762 4290 sub
776 4229 888 4291 carnali
912 4229 989 4313 lege,
1013 4251 1079 4314 quae
1093 4232 1201 4295 timore
1221 4232 1329 4295 mortis
1343 4252 1437 4316 coge-
