3184 5442
312 737 378 801 214
695 752 723 792 n.
749 750 923 792 mnrnrncr

355 895 398 958 Ι).
424 894 598 956 Locutusne
618 897 666 954 est
690 887 833 971 serpenst
851 923 891 935 -
904 887 952 950 Μ.
978 887 1069 963 Non,¹
1092 890 1148 952 sed
1169 890 1308 956 diabolus

312 995 429 1056 locutus
446 999 494 1054 est
508 1010 563 1074 per
583 994 772 1072 serpentem,
786 995 823 1052 ut
832 986 924 1050 hodie
936 987 1069 1070 loquitur
1079 1009 1135 1071 per
1149 991 1307 1056 obsessum

230 1146 237 1157 .
312 1088 916 1173 hominem,etquemadmodumAngelis
924 1087 1041 1152 locutus
1051 1096 1100 1152 est
1108 1090 1303 1171 peresinam:

312 1211 381 1255 oum
399 1211 455 1254 neo
469 1210 611 1273 serpens,
626 1209 683 1252 neo
697 1188 785 1252 asina
797 1187 910 1252 scirent
925 1187 998 1271 quid
1015 1209 1071 1272 per
1085 1210 1138 1256 eos
1148 1193 1245 1256 verba
1257 1191 1309 1255 illa

227 1302 231 1357 ἑ
312 1297 466 1354 sonarent.

357 1389 400 1453 D.
418 1389 521 1467 Quare
531 1388 632 1472 magis
639 1407 695 1470 per
709 1395 895 1469 serpentem,
908 1408 1000 1471 quam
1013 1408 1068 1471 per
1081 1389 1164 1452 aliud
1174 1389 1307 1455 animali

225 1478 229 1510 ⁶
314 1524 356 1537 —
367 1488 416 1551 Μ.
429 1488 511 1570 Quia
522 1509 649 1570 serpens
659 1493 816 1552 tortuosus
825 1494 873 1552 est
880 1495 911 1550 et
918 1487 1102 1552 lubricosus:
1117 1496 1150 1553 et
1156 1489 1307 1563 diabolus,

314 1609 391 1672 quos
415 1588 587 1662 seduxerit,
611 1593 765 1651 tortuosos
785 1595 818 1651 et
842 1588 1009 1652 lubricosos
1027 1586 1130 1652 faeit:
1155 1595 1311 1655 tortuosos
1342 1663 1344 1667 ¹

232 1730 237 1783 ρ
313 1688 517 1754 fraudulentia
534 1739 540 1763 ,
555 1687 722 1751 lubricosos
735 1686 867 1752 luxurie.

233 1787 237 1819 ³
357 1789 398 1853 D.
414 1788 487 1852 Fuit
501 1786 628 1852 seientia
642 1785 712 1848 boni
733 1793 765 1849 et
780 1785 853 1848 mali
869 1785 901 1847 in
921 1785 972 1848 illo
986 1785 1097 1867 pomot
1112 1822 1152 1834 —
1169 1787 1217 1851 M.
1238 1787 1312 1852 Non

266 1937 276 1966 .-
314 1888 344 1952 in
355 1909 464 1971 pomo,
476 1887 570 1952 sedin
579 1884 833 1970 transgressione.
852 1885 937 1949 Ante
950 1892 1111 1968 peccatum
1125 1885 1208 1952 enim
1220 1887 1311 1951 borno

239 1992 265 2029 *s
313 1988 402 2053 scivit
412 1991 525 2061 bonum
537 1994 568 2052 et
578 1986 708 2049 malurn:
723 1985 836 2048 bonum
848 2037 854 2059 ,
867 2006 922 2068 per
932 1985 1166 2070 experientiam,
1182 1988 1309 2054 malurn.

283 2158 287 2165 ,
312 2109 367 2169 per
381 2087 538 2152 seientiam
554 2110 561 2148 ι
579 2091 650 2168 post
661 2091 821 2167 peceatum
834 2091 938 2147 autem
952 2084 1043 2149 scivit
1058 2084 1174 2149 malum
1185 2106 1243 2167 per
1256 2107 1314 2149 ex-

314 2186 513 2268 perientiam,
530 2186 643 2247 bonum
654 2191 777 2247 tantum
794 2204 850 2266 per
865 2183 1033 2248 scientiam.

356 2283 399 2345 D.
420 2283 626 2345 Nascerentur
639 2279 710 2343 mali
732 2279 764 2342 in
780 2281 945 2346 Paradisot
961 2317 1000 2330 -
1016 2282 1061 2344 M.
1080 2281 1313 2346 Tantummodo

316 2380 415 2443 electi.

359 2479 401 2542 D.
416 2479 519 2557 Quare
532 2500 611 2543 nuno
629 2481 700 2543 muli
714 2482 898 2544 nascuntur}
917 2518 956 2530 -
970 2483 1017 2545 Μ.
1031 2483 1162 2563 Propter
1176 2482 1311 2556 electos,

316 2586 351 2642 ut
361 2584 560 2641 exerceantur
571 2599 626 2661 per
637 2578 716 2641 illos

364 2873 419 2936 15.
447 2873 495 2934 De
511 2893 618 2933 eorum
637 2870 822 2956 expulsione
833 2895 853 2932 a
862 2871 1021 2937 Paradoo
1035 2923 1041 2946 ‚
1056 2891 1091 2934 er
1103 2872 1143 2934 de
1154 2878 1317 2958 gravitate

312 2979 441 3056 peceati
453 2972 490 3034 ob
502 2970 587 3059 quod
596 2970 723 3056 expuLsi
735 2984 832 3033 sunt.-

361 3075 404 3138 D.
430 3072 585 3152 Quamdiu
594 3070 715 3135 fuerunt
727 3070 758 3133 in
770 3071 933 3134 Paradisot
954 3107 993 3119 -
1011 3073 1057 3135 M.
1072 3072 1200 3155 Septem
1211 3073 1317 3140 horas.

361 3173 404 3237 D.
430 3173 492 3238 Cur
510 3193 571 3236 non
585 3171 719 3235 diutiust
739 3171 842 3234 -·M.
863 3170 945 3250 Quia
958 3193 1033 3235 mox
1043 3179 1078 3237 ut
1089 3172 1199 3239 mulier
1213 3181 1323 3239 ereata

297 3261 388 3350 est,
418 3272 577 3347 confestim
604 3272 697 3337 etiarn
727 3279 775 3336 est
801 3271 1025 3354 prevaricata:
1049 3274 1140 3337 tertia
1166 3271 1243 3336 hora
1272 3272 1324 3338 vir

319 3380 439 3438 oreatus
460 3372 606 3455 imposuit
628 3371 753 3435 nomina
775 3371 976 3446 animalibus3
998 3373 1074 3436 hore
1097 3379 1188 3436 sexta
1209 3373 1324 3438 mulier

318 3469 450 3534 formata
466 3470 608 3534 continuo
625 3470 663 3532 de
677 3470 776 3534 vetito
790 3491 883 3553 pomo
897 3470 1109 3554 presumpsit,
1123 3470 1253 3555 viroque
1264 3493 1325 3537 suo

319 3574 448 3631 mortem
468 3567 624 3650 porrexit;
649 3568 702 3650 qui
725 3570 763 3631 ob
786 3571 853 3655 ejus
869 3591 1005 3634 amorem
1021 3570 1171 3644 oomedit;
1190 3577 1225 3641 et
1244 3593 1327 3638 mox

318 3667 395 3730 hore
406 3686 488 3730 nona
497 3668 584 3731 Deus
598 3667 637 3730 de
647 3667 794 3732 Paradiso
805 3689 858 3731 eos
870 3669 971 3755 ejecit.
983 3697 991 3712 .-

362 3766 403 3830 D.
428 3766 511 3843 Quid
534 3763 591 3830 fuit
616 3765 808 3841 Cherubim,
834 3768 883 3830 vel
909 3766 1074 3833 flammeus
1101 3766 1245 3853 gladiusi
1280 3807 1325 3841 ,-

318 3865 364 3928 Μ.
381 3863 512 3928 Gladius
525 3863 583 3929 fuit
594 3865 702 3950 igneus
717 3886 840 3942 murus,
858 3889 920 3950 quo
934 3877 1007 3952 post
1019 3875 1178 3952 peecatum
1191 3867 1329 3936 airaim-

321 3963 411 4025 datus
425 3969 472 4026 est
483 3963 666 4029 Paradisus:
688 3965 853 4030 Cherubim
868 3988 942 4032 vero
960 3968 1098 4052 angelica
1110 3967 1269 4044 custodia,
1288 3981 1328 4035 ut

323 4062 402 4145 ignis
409 4082 536 4224 pprpore
543 4065 675 4139 arderet;
683 4065 824 4149 Angelioi
836 4074 938 4132 autern
948 4067 1073 4150 spiritus
1081 4089 1099 4131 a
1106 4067 1327 4151 locovolupta·

325 4160 365 4224 tis
379 4160 410 4223 in
431 4161 560 4227 iberent.

307 4355 310 4362 Ι
369 4260 411 4324 D.
438 4259 507 4338 Quo
529 4259 585 4323 ivit
605 4267 677 4324 tuno
697 4262 822 4325 Adarnt
846 4299 884 4311 —
918 4265 964 4328 M.
994 4266 1028 4328 ln
1051 4267 1177 4329 Hebron
1204 4272 1254 4331 est
1270 4287 1326 4331 re-
