3184 5442
504 747 621 789 GLossAE
645 747 677 788 m
701 748 751 789 nr.
776 748 817 789 An
840 749 931 790 ussa.
1150 727 1213 790 143

219 888 302 971 quod
320 887 385 952 sine
406 895 584 972 argumento
610 888 729 971 possint
751 909 834 961 esse;
859 889 942 973 quod
964 888 1099 972 plerique
1120 890 1213 954 divini

218 988 330 1072 eloquii
343 994 524 1052 tractatores
537 987 684 1063 lecerunt,
700 990 866 1076 probantes
878 989 1129 1053 resurrectionem
1144 1010 1211 1054 cor-

218 1110 326 1173 porum
338 1094 370 1152 et
380 1087 477 1152 vitam
492 1095 653 1164 aetemam,
671 1089 829 1173 multaque
844 1089 905 1152 alia
922 1109 989 1152 esse
1002 1089 1050 1152 vel
1065 1088 1159 1153 fuisse
1174 1111 1213 1155 ex

219 1210 255 1252 eo
266 1188 350 1272 quod
359 1187 569 1267 Patriarchas,
582 1188 766 1271 Prophetas,
784 1188 962 1271 Apostolos,
977 1188 1134 1274 Martyres
1145 1211 1215 1255 con-

218 1296 281 1353 stat
289 1308 328 1352 ea
337 1287 511 1352 credidisse.
523 1325 568 1336 -
579 1286 728 1350 Invisibil
732 1296 738 1308 '
760 1287 961 1374 .]Invisibilia
968 1295 1055 1351 erant
1064 1289 1215 1354 elementa

219 1394 291 1452 ante
302 1387 406 1451 muudi
417 1387 677 1451 constitutionem.
704 1424 744 1438 —
768 1389 942 1450 Damnavit
956 1388 1117 1452 mundum.
1130 1389 1142 1476 ]
1153 1392 1215 1456 Per

219 1508 322 1552 arcam
332 1487 402 1551 Noe
413 1488 571 1552 damnavit
583 1488 743 1561 mundum;
760 1488 834 1572 quia
847 1494 934 1552 tanto
945 1490 1044 1575 majus
1055 1500 1214 1573 peccatum

219 1588 389 1652 habuerunt
400 1588 547 1664 homines,
560 1594 676 1670 quanto
688 1587 833 1673 majorem
845 1589 911 1673 ejus
920 1588 952 1650 in
961 1587 1135 1654 fabricanda
1144 1613 1216 1658 arca

219 1687 396 1752 instantiam
410 1688 567 1762 videbant,
586 1695 619 1751 et
634 1709 694 1750 non
710 1689 883 1752 credebant.
912 1724 952 1736 -
976 1687 1028 1750 Ab
1040 1712 1101 1751 uno
1114 1700 1187 1756 orti.
1202 1691 1214 1778 ]

220 1787 314 1851 Ordo.
329 1786 382 1850 Ab
390 1807 452 1849 uno
467 1794 499 1850 et
513 1788 572 1851 hoc
586 1795 724 1851 emortuo
740 1790 801 1850 orti
814 1795 887 1851 sunt
900 1794 1070 1870 tamquam,
1085 1796 1143 1854 etc.
1172 1827 1213 1840 —

194 1925 197 1931 -
219 1883 393 1948 Arbitrans
404 1893 491 1973 quio.
507 1885 518 1970 ]
533 1885 707 1968 Utrumque
722 1885 850 1949 credidit
863 1885 1039 1959 Abraham,
1054 1896 1087 1950 et
1100 1889 1173 1970 quia
1182 1890 1215 1952 iu

219 1985 305 2050 Isaac
314 2006 418 2050 semen
423 1985 583 2049 habiturus
589 1992 681 2060 esset,
693 1992 725 2049 et
731 1984 866 2068 placeret
872 1985 941 2048 Deo
950 1985 976 2048 si
986 1984 1014 2048 ei
1022 1985 1121 2068 ipsum
1128 1988 1216 2052 Isaac

219 2087 409 2151 immolaret:
427 2085 555 2149 credidit
568 2086 650 2149 enim
664 2085 807 2167 quoniam
820 2092 974 2148 mortuum
989 2085 1076 2160 Deus
1085 2088 1215 2153 resusci-

219 2193 312 2250 taret.
340 2221 380 2234 —
404 2186 444 2247 In
458 2184 660 2270 parabolam.
677 2185 688 2270 ]
703 2184 796 2248 Aries
811 2184 863 2268 qui
882 2185 962 2248 inter
976 2205 1086 2267 vepres
1100 2186 1217 2251 haerens

219 2286 358 2349 cornibus
369 2292 509 2369 repertus
520 2292 578 2360 est,
595 2292 626 2348 et
640 2285 727 2348 Isaac
739 2302 833 2347 unum
845 2283 1001 2348 Christum
1017 2283 1169 2349 hominem
1184 2293 1216 2350 et

218 2385 319 2449 Deum
328 2385 512 2470 significant.
523 2386 583 2450 Per
595 2385 652 2449 hoo
660 2384 753 2470 igitur
764 2385 847 2469 quod
860 2384 939 2448 aries
953 2383 1077 2467 qiudem
1092 2392 1140 2449 est
1153 2386 1214 2449 im·

219 2485 367 2560 molatus,
395 2486 483 2549 Isaac
507 2506 580 2549 vero
604 2493 702 2549 morte
724 2486 918 2558 subtractus,
943 2484 1145 2569 significatum
1168 2496 1216 2552 est

219 2583 374 2649 Christum
388 2585 554 2649 secundum
570 2606 692 2650 carnem
707 2606 884 2668 passurum,
898 2585 1064 2649 secundum
1077 2606 1150 2649 vero
1164 2587 1213 2651 di-

218 2683 397 2758 vinitatem,
414 2683 521 2748 mortis
545 2684 706 2750 discrimen
726 2705 787 2746 non
811 2704 878 2748 esse
900 2704 1070 2748 sensurum.
1092 2687 1136 2750 Et
1156 2685 1214 2751 hoc

96 2775 100 2781 ’
174 2878 179 2885 ,
221 2782 303 2866 quod
322 2782 368 2848 ait
384 2805 392 2847 t
409 2784 441 2846 in
455 2784 650 2868 parabolam,
674 2784 706 2847 id
726 2791 773 2848 est
794 2784 972 2870 allegoriam
992 2805 1062 2847 eum
1086 2787 1214 2869 accepit.

219 2882 324 2965 Ipsum
343 2883 424 2946 enim
439 2882 524 2966 prius
544 2883 584 2946 ad
603 2883 794 2946 moriendum
813 2883 984 2959 dedit‚sed
1003 2891 1074 2966 post
1094 2888 1217 2968 experi-

220 2988 357 3046 mentum
372 2981 443 3045 fidei
456 2989 577 3065 reperto
592 2982 688 3047 ariete
704 2983 744 3045 ad
758 2981 924 3046 videndum
937 2983 1064 3065 recepit.
1077 2983 1147 3046 Hoc
1162 2986 1218 3049 sibi

220 3088 346 3164 propter
364 3080 457 3145 fidem
477 3088 509 3144 et
529 3080 735 3162 obedientiam
754 3081 867 3145 honore
886 3080 1014 3156 collato,
1036 3088 1073 3144 ut
1090 3103 1145 3164 per
1164 3085 1217 3146 filii

219 3181 332 3256 vitam,
358 3179 528 3244 divinitatis
552 3180 773 3264 significaretur
798 3201 817 3244 a
837 3189 936 3244 morte
964 3181 1142 3244 subtractio.
1176 3218 1216 3230 -

221 3279 401 3369 Fastigium
413 3288 526 3366 virgae.
541 3280 552 3365 ]
567 3280 626 3344 Vel
641 3286 796 3364 sceptrum
812 3278 930 3344 ferebat
939 3281 960 3342 J
962 3278 1057 3361 oseph
1068 3300 1152 3343 more
1165 3303 1216 3344 se·

221 3378 310 3445 cundi
329 3379 349 3443 a
365 3380 462 3464 Rege.
479 3379 538 3442 Vel
553 3377 709 3464 fastigium
725 3378 820 3464 virgae
836 3379 910 3443 dicit
926 3378 1119 3443 altitudinem
1134 3382 1216 3467 regi-

221 3479 311 3544 minis
329 3481 419 3566 ejus:
437 3500 531 3563 quam
551 3479 743 3548 altitudinem
759 3480 856 3544 Jacob
877 3479 1032 3553 adoravit,
1054 3477 1162 3555 idest,
1185 3480 1216 3542 in

222 3599 341 3644 summa
353 3579 549 3643 veneratione
560 3578 679 3643 habuit.
694 3581 738 3642 Et
747 3580 805 3643 hoo
816 3580 887 3654 fide,
902 3579 974 3663 quia
988 3599 1008 3641 a
1020 3578 1088 3641 Deo
1102 3576 1216 3642 factum

222 3679 434 3744 essecredidit.
458 3715 498 3727 -
518 3678 631 3765 Iephte
640 3678 758 3742 David.
770 3677 782 3765 ]
794 3680 867 3743 Non
878 3699 918 3742 ex
927 3699 964 3742 eo
975 3677 1095 3742 ducitur
1103 3677 1217 3754 Jephte

222 3780 252 3842 in
269 3777 476 3843 testimonium
491 3777 574 3861 quod
588 3777 681 3841 filiam
701 3777 860 3853 occiderit,
878 3778 934 3841 sed
954 3777 1035 3860 quod
1051 3797 1107 3860 per
1125 3777 1216 3840 fidem

222 3879 387 3965 adjuvante
408 3899 477 3941 eum
501 3878 569 3941 Deo
590 3877 695 3942 hostes
716 3877 918 3961 superaverit.
946 3912 986 3924 -
1017 3878 1219 3962 deceperunt

222 3977 378 4041 mulieres.
387 3975 502 4062 ]Ordo.
517 3975 662 4041 Mulieres
671 3983 866 4060 acceperunt,
877 3975 992 4039 scilicet
1004 3996 1023 4037 a
1034 3975 1147 4040 sanctis
1157 3976 1218 4040 Dei

221 4083 358 4142 mortuos
370 4098 443 4140 suos
457 4077 496 4140 de
510 4077 747 4153 resurrectione,
765 4077 798 4140 id
812 4084 875 4148 est,
894 4081 1104 4160 resurgentes,
1122 4082 1156 4137 ut
1179 4075 1218 4138 ab

221 4175 291 4240 Elia
307 4175 431 4240 unicum
450 4175 545 4239 filium
567 4176 660 4239 vidua
675 4176 847 4259 Sareptana
861 4196 869 4237 ι
884 4181 916 4239 et
938 4176 977 4237 ab
996 4173 1099 4238 Eliseo
1115 4173 1217 4237 Suna-

221 4274 317 4340 mitis.
332 4311 376 4324 ·-
395 4274 560 4338 Meliorem
572 4281 758 4338 invenirent.
772 4273 784 4358 ]
797 4275 957 4339 Meliorem
966 4271 1216 4336 resurrectionem
