3184 5442
966 987 1202 1030 GLOSSAE
1252 989 1317 1030 m
1366 989 1463 1030 ΕΡ.
1517 993 1603 1034 Ao
1643 992 1792 1035 nost.
2292 981 2376 1042 37

1210 1365 1346 1406 CAP.
1400 1365 1536 1408 xm.

480 1586 749 1650 Subdita
794 1594 900 1650 sit.
938 1586 961 1673 ]
990 1587 1185 1652 Subdi
1226 1587 1410 1651 debet
1458 1589 1607 1672 quia
1650 1610 1771 1653 non
1811 1591 1994 1655 debet
2039 1593 2316 1658 resistere
2356 1619 2366 1656 ;

383 1691 552 1755 Nam
591 1689 644 1754 si
683 1688 966 1763 resistat,
1004 1687 1123 1751 Dei
1164 1687 1527 1752 ordinationi
1568 1689 1800 1754 resistit
1842 1713 1855 1752 ε
1900 1699 2178 1775 potestas
2213 1694 2375 1757 enim

382 1791 500 1853 Dei
531 1790 830 1854 ordinatio
854 1797 951 1854 est
964 1813 979 1863 ;
1007 1788 1152 1872 quia
1179 1809 1360 1852 omne
1379 1789 1545 1872 quod
1563 1811 1603 1853 a
1623 1792 1759 1854 Deo
1783 1801 1902 1871 est,
1927 1791 2046 1856 Dei
2078 1792 2374 1858 ordinatio

383 1899 502 1965 est,
526 1897 804 1974 potestas
829 1896 1035 1954 autem
1059 1909 1099 1952 a
1125 1890 1262 1952 Deo
1291 1901 1417 1961 est;
1450 1911 1570 1952 non
1602 1900 1700 1955 est
1725 1893 1887 1955 enim
1905 1900 2180 1977 potestas
2198 1893 2314 1958 nisi
2335 1916 2375 1959 a

387 1988 554 2051 Deo,
597 1987 776 2049 Time
813 2010 827 2049 :
862 2007 1004 2050 nam
1037 2007 1161 2048 non
1203 1986 1333 2049 sine
1368 2007 1554 2050 causa
1584 1987 1855 2072 gladium
1886 1995 2113 2072 portat.
2147 1990 2236 2052 Et
2262 1991 2375 2054 hoc

383 2088 630 2171 probat,
663 2086 806 2170 quia
833 2108 970 2150 cum
999 2107 1213 2159 causa;
1251 2091 1316 2149 et
1346 2087 1459 2150 hoc
1487 2088 1729 2171 probat,
1764 2088 1883 2151 Dei
1911 2090 2073 2151 enim
2102 2089 2375 2155 minister

385 2194 502 2252 est.
559 2223 640 2236 —
689 2187 914 2275 Itaque
953 2193 1064 2274 qui
1109 2193 1351 2249 resistit
1382 2194 1719 2272 potestati.
1758 2185 1781 2272 ]
1821 2189 1894 2251 In
1934 2188 2064 2263 his,
2110 2188 2368 2262 scilicet,

384 2308 524 2372 quae
553 2287 633 2350 ad
661 2294 1032 2371 potestatem
1059 2277 1477 2370 pertinent,‚'id
1507 2293 1625 2361 est,
1661 2286 1925 2362 tributis,
1955 2286 2375 2372 vectigalibus

388 2398 456 2453 et
485 2389 719 2452 caeteris
752 2375 1129 2474 hujusmodi..
1160 2423 1240 2435 —
1274 2386 1554 2449 Habebis
1589 2385 1885 2472 laudem]
1919 2389 2087 2452 Laus
2120 2388 2378 2452 habetur

387 2511 468 2553 ex
485 2495 819 2572 potestate,
839 2486 1278 2571 qualiscunque
1300 2486 1404 2550 sit.
1421 2490 1559 2551 Aut
1580 2487 1741 2551 enim
1758 2490 1919 2552 bona
1936 2493 2053 2564 est,
2073 2494 2138 2552 et
2147 2489 2372 2553 bonum

379 2591 589 2653 laudat
613 2613 626 2652 z
659 2594 766 2652 aut
794 2587 982 2662 mala,
1019 2595 1085 2649 et
1111 2586 1340 2650 bonum
1363 2587 1777 2671 persequitur;
1804 2597 1867 2652 et
1888 2589 1975 2653 sic
1994 2610 2106 2673 per
2126 2587 2369 2673 patien-

379 2690 533 2753 tiam
575 2688 763 2752 illatae
814 2686 1224 2751 tribulationis
1249 2714 1279 2762 ,·
1316 2707 1531 2752 servus
1584 2687 1705 2752 Dei
1756 2689 2063 2753 laudatur.
2118 2725 2199 2737 —
2248 2690 2372 2752 Dei

381 2796 569 2852 enim.
598 2786 621 2873 ]
640 2786 847 2852 Causa
865 2806 973 2850 cur
988 2785 1189 2850 timeri
1203 2792 1504 2871 oporteat.
1561 2823 1643 2836 —
1691 2787 1820 2850 Dei
1831 2797 1997 2851 enim
2017 2777 2323 2855 minister.
2347 2790 2370 2876 ]

379 2889 526 2954 Alia
554 2909 742 2953 causa
767 2909 874 2953 cur
907 2888 1012 2971 qui
1046 2886 1339 2951 resistunt
1356 2938 1369 2962 ‚
1395 2887 1848 2952 damnationem
1877 2890 1992 2953 sibi
2021 2890 2363 2973 acquirunt.

382 3027 463 3039 —
525 2989 782 3052 Vindex
820 2995 890 3050 in
924 2995 1110 3050 iram.
1153 2987 1178 3074 ]
1214 2988 1555 3063 Subaudis;
1588 2988 1653 3052 in
1698 3010 1836 3053 eum
1880 2990 1985 3073 qui
2022 2990 2181 3053 male
2219 2990 2368 3075 agit.

378 3092 527 3155 Ideo
547 3090 709 3153 enim
728 3110 766 3152 a
786 3088 924 3152 Deo
950 3087 1211 3151 ordinati
1233 3094 1378 3151 sunt
1398 3089 1496 3151 vel
1519 3096 1771 3173 propter
1797 3089 1952 3153 iram
1972 3096 2036 3153 et
2055 3089 2368 3154 conscien-

378 3191 555 3254 tiam.
609 3226 690 3238 —
737 3189 818 3251 In
846 3188 963 3250 hoc
986 3194 1214 3274 ipsum.
1241 3187 1264 3273 ]
1286 3189 1377 3252 Ut
1403 3188 1548 3252 boni
1575 3189 1919 3265 laudentur,
1947 3189 2092 3252 mali
2119 3189 2370 3272 punian-

380 3298 506 3353 tur.
518 3291 734 3353 Potest
751 3295 817 3352 et
827 3309 937 3373 per
952 3294 1240 3372 parentes
1256 3288 1514 3374 intelligi
1524 3339 1538 3363 ‚
1565 3289 1859 3351 Ministri
1871 3296 2037 3350 enim
2053 3289 2175 3349 Dei
2184 3299 2333 3348 sunt
2345 3309 2365 3346 .·

379 3398 452 3455 ut
470 3390 551 3454 sit
572 3389 943 3454 continuatio
966 3410 1202 3464 sensuS,
1230 3389 1538 3472 praestatis
1557 3389 1619 3451 in
1643 3390 1761 3452 hoc
1782 3388 1983 3471 ipsum
2006 3386 2361 3459 servienteS,

380 3489 634 3565 scilicet,
664 3489 798 3553 Deo
830 3489 1162 3574 placentes,

1210 3808 1345 3850 CAP.
1401 3808 1532 3849 XIV.

466 4034 803 4120 Jtfirmum
845 4047 1074 4097 autem.
1105 4033 1128 4120 ]
1165 4033 1462 4099 Persectae
1513 4035 1655 4098 fidei
1709 4033 2192 4099 Christianorum
2232 4042 2327 4097 est
2342 4082 2355 4106 ‚

375 4132 608 4196 nullum
634 4134 833 4197 cibum
857 4133 1231 4197 immundum
1264 4141 1513 4217 putare;
1539 4133 1687 4218 quia
1714 4133 1919 4197 omnia
1946 4134 2173 4198 munda
2194 4153 2364 4195 mun-

375 4231 493 4295 dis.
529 4232 795 4310 Quidam
826 4239 1034 4297 tamen
1069 4233 1131 4294 in
1159 4232 1275 4297 hac
1302 4232 1422 4296 fide
1456 4232 1680 4296 infirmi
1700 4283 1714 4309 ,
1757 4253 1797 4295 a
1832 4232 2192 4316 quibusdam
2215 4230 2363 4294 cibis

376 4334 708 4397 censebant
763 4333 1212 4397 abstinendum.
1287 4332 1652 4418 Cujusmodi
1721 4331 2030 4396 hominem
2092 4330 2363 4415 praecipit

378 4431 698 4515 Apostolis
706 4454 827 4497 non
845 4434 1248 4518 spernendum
1266 4455 1281 4507 ;
1300 4433 1408 4497 sed
1421 4454 1562 4498 cum
1587 4432 1885 4497 charitate
1895 4431 2323 4496 assumendum
2338 4452 2353 4501 ;

377 4529 468 4594 ita
494 4538 565 4595 ut
581 4553 693 4598 nec
732 4533 793 4596 in
831 4533 1296 4617 cogitationibus
1317 4533 1691 4620 judicaretur
1743 4553 1902 4596 reus.
1959 4566 2038 4580 —
2093 4531 2359 4593 Domino
