3184 5442
550 738 757 780 ELI'CIDARIUM
781 739 848 778 SIVE
873 739 923 779 DlA
929 739 1031 779 LOGUS.
1222 721 1286 783 287

292 878 443 942 Dominus
458 880 567 942 coelum
584 900 697 942 novum
714 888 746 941 et
763 886 876 941 terram
895 899 1017 940 novam.
1036 911 1048 932 1>
1069 882 1209 964 Denique
1224 906 1287 947 coe-

293 978 367 1050 lum,
384 979 441 1053 sol,
456 979 538 1051 luna,
554 978 661 1052 stellae,
677 999 775 1061 aquae,
791 976 1102 1060 quaenuncfestinant
1112 1001 1200 1044 cursu
1211 983 1286 1047 irre-

293 1079 449 1153 tardabili,
469 1079 556 1161 quasi
578 1078 735 1160 cupientes
752 1079 786 1140 in
807 1078 964 1141 meliorem
983 1085 1097 1142 statum
1112 1080 1283 1160 immutari,

294 1187 366 1242 tuno
373 1180 436 1242 fixa
445 1178 594 1242 stabiliter
600 1180 777 1251 manebunt,
788 1187 821 1241 et
830 1177 944 1261 quieta,
958 1186 989 1241 et
999 1179 1129 1245 mirabili
1138 1182 1286 1265 glorifica—

294 1277 377 1341 tione
403 1279 576 1342 immutata.
602 1279 686 1341 Nam
709 1278 819 1341 coelum
845 1279 972 1363 gloriam
994 1280 1066 1343 solis
1089 1279 1219 1345 induet:
1242 1286 1287 1347 sol

295 1379 531 1461 septempliciter
553 1379 621 1461 plus
643 1400 735 1461 quarn
755 1399 834 1441 nunc
856 1379 982 1452 lucebit,
996 1387 1031 1443 ut
1053 1380 1182 1444 dicitur:
1203 1384 1287 1447 -Sol

295 1478 417 1541 habebit
433 1480 533 1541 lumen
549 1487 667 1561 septem
684 1479 813 1541 dierum.
833 1510 845 1532 υ
861 1479 949 1541 Luna
964 1488 996 1542 et
1010 1479 1104 1542 stellae
1119 1481 1288 1547 vestientur

296 1577 435 1641 ineffabili
452 1580 621 1661 splendore.
641 1580 750 1661 Aqua,
765 1600 833 1662 quae
845 1578 957 1642 Christi
970 1599 1078 1661 corpus
1092 1580 1212 1663 tingere
1227 1605 1289 1645 me
1350 1594 1356 1606 '

296 1678 366 1750 ruit,
382 1688 413 1741 et
427 1686 550 1742 sanctos
564 1679 594 1740 in
610 1679 795 1761 baptismate
810 1678 897 1755 lavit,
913 1700 1033 1742 omnem
1045 1680 1185 1743 decorem
1198 1703 1286 1766 crys-

296 1778 360 1841 talli
371 1778 576 1843 transcendet.
594 1780 703 1853 Terra,
717 1800 784 1861 quae
795 1777 827 1840 in
842 1779 957 1862 gremio
971 1801 1026 1842 suo
1040 1780 1165 1843 Domini
1179 1802 1288 1864 corpus

296 1877 439 1952 confovit,
448 1887 514 1943 tota
526 1880 583 1942 erit
590 1888 625 1943 ut
636 1879 805 1962 paradisus.
818 1882 860 1941 Et
870 1879 942 1961 quia
951 1879 1133 1943 Sanctorum
1140 1882 1288 1964 sanguine

296 1988 342 2041 est
357 1977 496 2062 irrigata,
515 1978 671 2042 odoriferis
685 1978 826 2051 lloribuS,
844 1979 932 2058 liliis,
947 1980 1038 2055 rosis,
1056 1981 1144 2044 violis
1160 1981 1286 2047 immar-
1330 2064 1332 2069 .

296 2078 472 2142 cessibiliter
497 2079 555 2142 erit
577 2088 725 2163 perpetuo
749 2080 901 2142 decorata.
929 2082 972 2143 Et
996 2080 1060 2144 haec
1085 2089 1132 2144 est
1160 2082 1289 2145 mutatio

296 2180 429 2241 dexterae
444 2180 555 2243 excelsi
571 2205 575 2241 :
592 2183 664 2264 quia
679 2190 770 2253 terra,
790 2200 858 2261 quae
875 2188 941 2243 erat
956 2181 1128 2256 maledicta,
1148 2189 1180 2245 et
1194 2183 1290 2265 spinis

296 2279 432 2354 addicta,
455 2289 527 2342 tuno
549 2280 580 2342 in
604 2289 783 2363 perpetuum
801 2301 819 2342 a
834 2280 965 2344 Domino
987 2281 1044 2343 erit
1067 2283 1240 2347 benedictaf
1258 2291 1290 2347 et
1351 2328 1355 2336 ·

297 2380 422 2442 laboret
434 2381 528 2454 dolor,
546 2402 606 2443 non
622 2382 679 2444 erit
692 2382 783 2444 ultra.

344 2676 397 2739 16.
423 2677 472 2738 De
487 2677 669 2764 corporibus
685 2677 856 2756 beatorum,
874 2693 1025 2739 eteorum
1040 2678 1212 2762 acls‘unctis.

342 2779 382 2842 D.
409 2778 547 2861 Replesti
566 2800 614 2842 me
638 2780 676 2840 de
695 2779 781 2841 bonis
798 2779 907 2841 domus
926 2777 1049 2842 Domini
1069 2802 1074 2837 :
1095 2778 1161 2851 dic,
1187 2780 1289 2862 qualia

298 2901 423 2963 corpora
436 2879 592 2942 habebunt
603 2879 726 2942 Sanctil
744 2915 780 2926 -
795 2879 841 2941 M.
857 2876 980 2961 Septies
993 2898 1085 2959 quarn
1099 2877 1143 2940 sol
1156 2879 1289 2961 splendi-

298 2981 393 3054 diore,
408 2986 440 3042 et
454 3001 517 3061 prae
531 2979 632 3042 animo
647 2979 783 3063 agiliora.

341 3081 382 3144 D.
408 3080 443 3142 ln
455 3100 516 3163 qua
527 3087 633 3158 aetate,
653 3080 701 3142 vel
717 3080 747 3141 in
765 3100 827 3163 quo
846 3099 987 3141 mensura
1002 3078 1111 3151 enmtl
1126 3114 1165 3125 -
1183 3079 1228 3140 M.
1246 3080 1291 3142 Ut

298 3180 446 3254 Christus,
458 3181 580 3263 quando
590 3181 764 3243 resurrexit.
774 3181 992 3243 Verumtamen
1004 3200 1073 3242 cum
1084 3178 1125 3241 sit
1136 3178 1182 3241 hic
1194 3179 1290 3241 delec-

299 3281 389 3344 tabile
403 3301 514 3364 pueros
528 3279 650 3342 senibus
662 3279 789 3351 mixtos,
809 3277 883 3341 viris
896 3279 1055 3351 mulieres,
1070 3278 1168 3362 longis
1182 3280 1289 3342 breves

295 3383 416 3467 junctos
435 3402 575 3452 cemere;
595 3380 737 3443 credibile
751 3387 799 3442 est
822 3379 916 3441 multo
937 3377 1142 3440 delectabilius
1162 3399 1228 3441 esse
1248 3379 1289 3441 ibi

298 3481 427 3565 singulis
441 3482 592 3554 aetatibus,
608 3482 733 3565 singulis
748 3479 897 3543 mensuris
913 3485 1076 3561 utrumque
1091 3499 1198 3541 sexum
1212 3477 1290 3540 viro-

299 3604 365 3644 rum
378 3589 410 3644 et
421 3583 577 3645 mulierem
590 3583 763 3665 conspicere
777 3607 782 3642 :
799 3581 877 3644 sicut
889 3580 937 3643 hic
947 3578 1125 3642 delectabile
1135 3585 1182 3640 est
1191 3577 1290 3639 diver-

298 3702 348 3745 sas
360 3702 449 3744 voces
465 3682 495 3743 in
510 3682 631 3766 organis
646 3683 694 3744 vel
703 3682 733 3743 in
749 3681 859 3744 fidibus
877 3679 992 3742 audire.
1006 3679 1097 3742 Unde
1110 3678 1207 3763 magis
1225 3699 1292 3741 cre·

298 3782 429 3844 dendum
439 3788 485 3845 est
497 3803 602 3845 omnes
611 3781 703 3844 inilla
713 3789 815 3855 aetate,
829 3787 860 3843 et
869 3780 900 3842 in
910 3778 962 3843 illa
972 3800 1112 3841 mensura
1120 3800 1286 3862 resurgere,

299 3891 330 3945 et
341 3882 382 3945 ibi
396 3903 554 3965 apparere,
570 3904 631 3965 qua
640 3882 768 3968 contigit
778 3904 831 3945 eos
844 3882 914 3945 hinc
926 3881 1067 3965 migrare.

342 3983 382 4045 D.
409 3985 508 4045 Erunt
521 3983 637 4046 vestiti.
654 4004 693 4059 an
704 3983 793 4046 nudil
807 4019 846 4030 -
857 3983 904 4045 M.
918 3981 1004 4044 Nudi
1020 3989 1125 4055 erunt,
1141 3981 1196 4042 sed
1210 3979 1291 4042 omni

300 4083 407 4146 decore
421 4081 593 4167 fulgebunt;
609 4090 640 4145 et
650 4105 710 4145 non
722 4083 791 4165 plus
804 4082 842 4144 de
854 4081 920 4144 aliis
934 4081 1092 4154 membris,
1109 4100 1200 4161 quem
1213 4098 1291 4140 nunc

300 4184 338 4245 de
348 4184 490 4267 gratiosis
501 4184 594 4248 oculis
609 4185 796 4247 erubescent.
813 4183 903 4246 Salus
918 4188 1020 4244 nutem
1033 4183 1183 4266 justorum
1195 4187 1226 4241 et
1238 4178 1289 4239 lae-

298 4283 366 4345 titia
379 4293 467 4346 erunt
486 4284 603 4346 illorum
618 4283 801 4345 vestimenta
820 4308 825 4344 :
846 4303 917 4344 narn
932 4280 1082 4342 Dominus
1100 4280 1204 4342 induet
1220 4298 1288 4340 cor-
