3184 5442
549 718 754 760 unucrnnnrun
778 719 847 760 srvn
871 717 1028 759 urnrocrs.
1220 697 1286 758 205

292 881 367 922 mox
387 859 570 943 quiescendo
589 858 745 922 obediunt.
769 858 885 922 Mortui
902 878 971 920 eum
992 857 1144 929 sentiunt.
1162 858 1236 940 quia
1249 859 1289 921 ad

293 961 359 1045 ejus
373 959 533 1042 imperium
551 966 725 1044 resurgunt.
746 958 885 1024 Infernas
901 979 971 1021 eum
986 958 1100 1033 sentit,
1119 958 1191 1041 quia
1213 979 1291 1042 quos

293 1061 422 1123 devorat
438 1112 444 1134 ,
460 1081 496 1123 eo
508 1061 636 1146 jubente
656 1059 765 1123 reddit.
792 1057 905 1122 Omnia
926 1059 1017 1120 bruta
1031 1057 1174 1120 animalia
1187 1059 1288 1124 Deum

293 1159 487 1243 intelligimt‚
513 1161 586 1245 quia
607 1160 706 1244 legem
736 1161 775 1223 ab
803 1181 840 1222 eo
864 1157 921 1222 sibi
943 1157 1065 1221 insitam
1085 1157 1199 1244 jugiter
1219 1179 1289 1222 cus·

294 1259 426 1323 todiunt.

339 1559 373 1625 6.
401 1559 448 1622 De
464 1559 660 1647 Angelorum
677 1559 839 1639 electione,
858 1572 952 1647 etque
966 1560 1153 1625 nominibus.

340 1661 382 1724 D.
408 1660 490 1739 Quid
497 1669 544 1724 est
553 1661 635 1744 quod
647 1660 757 1725 dicitur
767 1684 773 1723 ;
783 1662 914 1725 Factum
924 1668 972 1725 est
984 1660 1121 1747 Vespere
1132 1675 1164 1724 et
1174 1665 1290 1725 mone?

296 1796 338 1809 -
355 1761 400 1824 M.
414 1760 550 1843 Vespere
567 1768 616 1824 est
632 1760 701 1823 finis
712 1762 776 1846 jam
786 1761 987 1825 consummati
1001 1760 1063 1823 imo
1075 1762 1203 1826 ordinati
1216 1784 1289 1847 ope—

297 1860 339 1925 ris
351 1883 358 1933 ;
376 1869 591 1937 maneaute1n‚
606 1859 777 1943 incipientis
788 1860 837 1924 vel
849 1861 952 1944 potius
964 1860 1120 1924 ordinandi
1132 1863 1242 1945 operis.

341 1961 384 2024 D.
407 1960 556 2043 Apertius
570 1960 672 2024 omnia
687 1960 830 2024 edissere.
845 1997 890 2008 -
904 1961 951 2024 M.
967 1961 1072 2024 Primo
1086 1961 1179 2046 igitur
1189 1965 1286 2038 Deus

295 2069 332 2125 ut
339 2067 511 2143 praepotens
522 2080 587 2135 rex,
605 2059 762 2125 constituit
772 2060 831 2123 sibi
844 2060 1022 2144 praeclarum
1037 2060 1196 2143 palatium,
1209 2065 1290 2146 quod

296 2160 406 2224 dicitur
424 2180 550 2244 regnum
568 2159 730 2234 caelorum,
757 2159 867 2223 deinde
886 2158 966 2222 hunc
986 2160 1153 2234 mundum,
1178 2161 1210 2222 in
1230 2183 1291 2245 quo

213 2266 219 2275 '
296 2258 450 2323 exitialem
465 2259 581 2333 lacum,
598 2259 630 2322 id
645 2268 709 2332 est,
725 2257 875 2322 infernum
887 2253 1054 2323 constituit.
1068 2259 1123 2322 Ad
1134 2262 1215 2344 quod
1233 2284 1289 2345 pa-

295 2359 402 2425 latium
411 2359 640 2443 predestinavit
654 2360 819 2443 quemdam
830 2367 946 2424 certum
955 2381 1115 2423 munerum
1127 2361 1292 2426 electorum

297 2461 442 2536 militum,
467 2481 559 2543 quem
572 2481 629 2523 nec
642 2459 747 2524 liceret
766 2459 890 2532 excedi,
912 2467 945 2523 et
962 2481 1055 2543 quem
1071 2481 1195 2525 necesse
1210 2472 1291 2526 esset

296 2559 451 2644 compleri.
468 2560 564 2625 Porro
584 2559 661 2623 hunc
674 2580 834 2622 numerum
850 2558 946 2622 voluit
957 2568 1097 2623 constare
1111 2581 1152 2623 ex
1164 2561 1293 2645 Angelis

297 2665 330 2722 et
343 2656 523 2720 hominibus.
541 2656 645 2740 Ipsum
662 2663 766 2719 autem
781 2676 941 2719 numerum
957 2657 1171 2722 determinavit
1188 2658 1219 2721 in
1237 2659 1291 2722 de-

298 2778 364 2821 cem
372 2780 380 2830 ;
399 2778 509 2821 norem
524 2756 646 2840 quidem
659 2757 813 2820 ordinibus
829 2756 1036 2840 Angelorum,
1055 2765 1086 2820 et
1101 2757 1218 2820 decimo
1232 2758 1289 2820 ho·
1341 2791 1343 2794 ·

298 2857 425 2921 minum.

340 2957 383 3035 D.
409 2959 512 3038 Quare
526 2979 636 3022 novem
654 2957 864 3044 Angelorumt
882 2994 922 3007 -
934 2958 982 3022 M.
1009 2957 1139 3040 Propter
1156 2957 1290 3022 Trinita-

296 3065 387 3122 tem:
411 3057 443 3121 in
465 3057 631 3123 novenario
659 3059 739 3122 enim
758 3078 885 3122 numero
905 3056 1054 3121 ternarius
1079 3055 1170 3120 tertio
1191 3058 1226 3120 fit
1243 3079 1291 3121 re-

296 3158 423 3242 petitus.

341 3259 384 3322 D.
409 3257 513 3336 Quare
528 3279 589 3320 uno
611 3257 787 3320 hominuml
804 3293 844 3305 -
857 3257 904 3319 M.
925 3257 1055 3338 Propter
1070 3254 1240 3318 unitatem:
1259 3267 1294 3321 ut

297 3357 397 3422 imitas
411 3357 442 3420 iu
453 3357 602 3422 Trinitate
614 3360 653 3423 ab
665 3358 795 3442 Angelis
811 3365 843 3423 et
852 3355 1024 3420 hominibus
1041 3345 1294 3440 laudaretunoo-

297 3458 420 3537 leretur,
434 3457 623 3522 adoraretur.

341 3556 381 3619 D.
408 3554 471 3620 Cur
490 3576 649 3620 numerum
665 3557 831 3620 electorum
842 3555 939 3620 voluit
953 3576 991 3618 ex
1007 3555 1135 3639 Angelis
1151 3562 1183 3619 et
1193 3556 1293 3620 homi-

298 3656 386 3720 nibus
400 3656 555 3721 constaret
573 3693 613 3706 -
624 3657 670 3720 M.
685 3656 766 3735 Quia
773 3658 852 3723 duas
863 3656 1045 3740 principales
1055 3663 1210 3721 creaturas
1220 3657 1292 3722 fecit

299 3758 383 3821 Deus
394 3781 401 3821 :
418 3778 509 3822 unam
521 3756 721 3841 spiritualem,
736 3759 864 3822 alteram
874 3757 1072 3842 corporalem.
1084 3758 1191 3821 Voluit
1201 3758 1293 3842 igitur

298 3859 337 3920 ab
348 3863 476 3941 utraque
494 3858 632 3922 laudari:
651 3858 689 3920 de
706 3857 854 3941 spirituali
877 3859 915 3921 ab
932 3856 1072 3941 Angelis
1093 3857 1131 3920 de
1146 3857 1294 3940 corporali

194 4034 197 4041 .
299 3958 338 4020 ab
349 3956 533 4021 hominibus.

342 4058 384 4122 D.
410 4058 539 4137 Quando
550 4057 623 4124 facti
637 4069 709 4123 sunt
722 4059 856 4145 Angelil
874 4095 913 4109 -
931 4060 978 4123 M.
996 4057 1075 4123 Cum
1091 4057 1205 4122 dictum
1222 4065 1269 4121 est
1283 4109 1288 4131 ,

299 4158 330 4219 F
329 4164 375 4222 iat
390 4157 457 4221 lue.
610 4170 617 4182 ‘

343 4258 385 4321 D.
411 4259 500 4323 Dixit
521 4259 584 4324 haec
603 4261 696 4323 verba
714 4260 817 4324 Deusl
840 4297 879 4308 -
898 4261 944 4323 M.
970 4259 1061 4330 Non;
1080 4258 1135 4320 sed
1153 4278 1208 4339 per
1228 4256 1292 4318 haee
