3184 5442
310 717 376 779 208
686 738 715 778 o.
748 739 922 781 cnurnnncr

232 860 240 876 ’
350 879 392 942 Ι).
419 877 496 942 Cum
506 877 592 940 Deus
603 877 758 961 praesciret
768 899 822 942 eos
836 880 914 942 tales
928 878 1061 957 futuros,
1081 903 1177 966 quare
1190 889 1309 952 creavit

306 979 373 1042 eost
389 979 489 1040 -M.
506 977 637 1060 Propter
648 980 918 1042 ornamentumsui
928 982 1039 1064 operis.
1055 984 1101 1048 Ut
1114 986 1195 1048 enim
1208 987 1309 1070 pictor

304 1078 424 1163 nignrm
440 1076 571 1141 colorem
590 1078 770 1154 substernit,
792 1086 828 1143 ut
845 1080 932 1143 albus
951 1082 1000 1145 vel
1017 1084 1128 1148 mbeus
1144 1086 1308 1168 pretiosior

305 1178 364 1252 sit;
378 1177 421 1241 sic
437 1177 596 1242 collatione
608 1178 756 1242 malorum
766 1180 841 1265 justi
857 1181 999 1244 clariores
1013 1185 1099 1247 fiunt.

349 1280 390 1343 D.
414 1277 477 1342 Cur
499 1299 560 1340 non
583 1279 699 1343 creavit
720 1280 797 1344 alios
816 1281 954 1365 Angelos
968 1303 1024 1366 pro
1040 1284 1103 1347 eisl
1119 1320 1159 1332 —
1173 1284 1221 1348 M.
1244 1287 1307 1350 Alii

180 1420 186 1427 -
304 1376 417 1460 Angeli
429 1396 490 1438 nou
505 1377 674 1439 debuerunt
689 1397 744 1461 pro
761 1377 806 1441 eis
817 1379 936 1443 restitui
950 1379 1016 1443 sive
1031 1382 1138 1457 creari,
1153 1382 1212 1445 nisi
1227 1384 1306 1447 tales

304 1481 420 1551 essent,
436 1476 541 1557 quales
559 1475 601 1537 illi
615 1474 756 1550 fuissent;
775 1477 802 1540 si
812 1478 1067 1560 permansissent,
1086 1502 1145 1544 non
1161 1481 1230 1546 visa
1243 1484 1307 1547 ulla

302 1599 394 1660 poena
406 1575 615 1659 peccantium:
635 1577 717 1659 quod
735 1583 802 1640 erat
820 1578 1027 1661 impossibile,
1041 1601 1112 1644 nam
1128 1586 1164 1644 ut
1175 1581 1217 1645 illi
1228 1604 1304 1667 pec-

304 1683 544 1748 caverunt,mox
554 1676 587 1739 in
597 1697 707 1759 poenas
721 1684 920 1759 proruerunt.

345 1972 377 2035 9.
407 1972 453 2033 De
481 1971 656 2034 doemonum
681 1977 822 2034 scientiu-
845 1983 875 2033 et
892 1968 1070 2057 potcstate;
1096 1971 1300 2035 othonorum

301 2070 497 2158 Angelorum
516 2070 769 2156 confirmatione,
777 2068 905 2157 forma,
923 2084 954 2134 et
967 2070 1102 2134 dotibus

343 2173 385 2237 D.
410 2172 518 2236 Sciunt
540 2162 692 2234 daemones
708 2171 827 2234 omnial
840 2207 880 2219 —-
893 2172 942 2234 M.
964 2174 1013 2235 Ex
1031 2172 1168 2256 angelica
1188 2181 1300 2237 natura

299 2275 378 2337 inest
401 2274 445 2335 eis
467 2270 598 2354 plurima
617 2270 760 2344 scientia;
784 2292 845 2334 nou
866 2278 970 2334 tamen
990 2271 1089 2336 sciunt
1114 2273 1228 2336 omnic.
1254 2275 1298 2336 Et

299 2378 413 2457 quanto
428 2371 548 2433 illorum
560 2378 673 2433 natura
684 2376 731 2432 est
744 2370 882 2434 subtilior
896 2370 1053 2434 hominum
1064 2380 1190 2446 natura;
1211 2380 1298 2436 tanto

298 2473 328 2535 in
344 2470 483 2534 omnibus
501 2469 617 2531 artibus
629 2468 791 2550 peritiores
809 2478 896 2547 sunt,
921 2492 1015 2554 quam
1028 2471 1108 2535 ullus
1126 2472 1294 2536 hominum.

297 2573 415 2636 Futura
428 2567 584 2642 nesciunt,
605 2568 663 2630 nisi
679 2575 828 2651 quantum
844 2591 883 2633 ex
894 2572 1057 2636 transactis
1068 2572 1233 2657 colligunt,
1248 2574 1298 2636 vel

297 2677 445 2754 quantum
458 2670 545 2733 Deus
559 2689 612 2731 eos
627 2668 699 2732 sinit
714 2669 803 2733 scire.
818 2671 914 2735 Porro
928 2672 1129 2755 cogitationes
1142 2679 1175 2736 et
1186 2674 1298 2737 volun-

297 2779 378 2835 tates
389 2791 479 2833 nemo
490 2769 549 2834 scit
559 2768 617 2832 nisi
629 2769 725 2844 Deus,
741 2777 773 2834 et
786 2770 835 2834 cui
848 2769 915 2855 ipse
925 2773 1057 2836 voluerit
1067 2773 1214 2835 revelare.

341 2870 384 2933 D.
409 2867 498 2951 Saepe
510 2866 591 2929 mala
601 2867 747 2951 cogitatio
757 2887 813 2950 pro
827 2866 963 2951 perfecto
977 2887 1069 2950 opere
1081 2876 1277 2951 nuncupatur
1291 2922 1297 2932 .

297 2969 383 3032 Num
398 2969 461 3032 haec
475 2970 514 3031 ab
532 2967 592 3031 illis
611 2967 786 3051 ignoraturi
807 3003 847 3016 -
860 2967 909 3031 M.
926 2969 1080 3053 Imagines
1094 2969 1299 3051 phantasma-

297 3078 363 3133 tum
378 3091 398 3132 a
409 3090 442 3132 se
453 3068 606 3132 immissas
617 3069 657 3130 ab
666 3067 827 3131 animabus
835 3067 963 3151 concipi,
976 3069 1050 3133 etin
1062 3068 1303 3152 cogitationibus

296 3169 419 3234 formari
431 3168 634 3253 conspiciunt;
654 3167 726 3250 quia
737 3167 868 3245 animas,
888 3188 957 3250 quae
966 3168 1019 3232 lux
1031 3175 1112 3243 sunt,
1126 3190 1202 3232 mox
1216 3190 1302 3252 quae-

296 3271 367 3334 dam
378 3272 510 3334 tenebrae
524 3270 682 3352 obtegimt.
700 3265 826 3350 Species
840 3274 944 3330 autem
959 3267 1107 3331 virtutum
1121 3289 1141 3330 a
1151 3268 1221 3332 Deo
1236 3270 1301 3334 im-

295 3369 405 3432 missas
423 3369 498 3431 etin
511 3377 614 3431 mente
632 3373 794 3451 conceptas
815 3387 876 3430 non
898 3366 1004 3430 vident
1015 3390 1023 3440 ;
1043 3367 1115 3451 quia
1135 3374 1171 3430 ut
1192 3377 1303 3435 noster

294 3480 436 3552 aspectus
448 3467 538 3551 jubar
557 3466 645 3540 solis,
671 3467 716 3530 ita
739 3465 796 3549 ipsi
819 3465 968 3550 fulgorem
987 3467 1115 3552 justitiae
1139 3465 1221 3531 ferre
1235 3491 1301 3533 non

293 3566 471 3649 praevaleut.
494 3566 601 3628 Justos
622 3572 725 3629 autem
749 3588 944 3651 nequaquam
964 3574 1137 3643 tentarent,
1161 3568 1188 3631 si
1204 3591 1239 3634 se
1258 3574 1301 3636 ab

261 3679 264 3683 ’
295 3666 339 3731 eis
349 3664 486 3750 superari
500 3664 621 3728 scirent.

337 3766 380 3829 D.
405 3766 539 3829 Possunt
553 3763 655 3827 omnia
670 3786 738 3848 quae
752 3767 878 3832 voluntt
898 3803 938 3815 -
954 3768 1002 3831 M.
1024 3767 1147 3832 Bonum
1167 3768 1300 3851 quidem

293 3885 349 3929 nec
363 3866 486 3938 volunt.
508 3887 565 3930 neo
583 3866 704 3929 omnino
719 3874 877 3950 poterunt.
899 3868 952 3932 Ad
974 3869 1090 3932 malum
1110 3889 1184 3932 vero
1203 3871 1300 3934 valde

193 3998 196 4004 ·
292 3963 431 4029 efficaces
442 3973 528 4038 sunt;
550 3987 610 4029 non
624 3973 726 4030 tamen
740 3976 887 4050 quantum
898 3968 1021 4043 volunt,
1041 3969 1096 4032 sed
1107 3976 1258 4051 quantum
1276 3992 1297 4034 a

293 4064 380 4128 bonis
396 4065 524 4150 Angelis
536 4067 764 4149 permittuntur.
1315 4072 1318 4076 ’
