3184 5442
549 739 755 781 srncronaruru
779 741 848 781 srva
871 741 1026 782 unrocus,
1223 725 1290 787 225

290 877 486 973 paradisum,
503 883 538 941 ut
555 876 633 941 dixit
649 879 688 940 ad
708 878 881 941 latronem:
903 907 916 929 u
931 878 1034 941 Hodie
1050 899 1167 942 mecum
1185 881 1291 944 crisin
1364 931 1366 935 .

291 979 446 1062 paradiso.
467 1009 481 1032 n
924 998 927 1003 '

338 1079 380 1142 D.
406 1079 536 1156 Quando
547 1079 589 1141 ad
602 1077 753 1142 infernum
768 1081 945 1144 descenditl
965 1117 1003 1128 -
1021 1082 1067 1146 M.
1086 1081 1191 1144 Media
1201 1089 1291 1147 nocte

293 1178 538 1250 resurrectionis:
557 1199 619 1261 qua
641 1179 717 1241 hora
736 1180 877 1264 Angelus
889 1182 1067 1266 AEgyptum
1089 1181 1288 1245 devastavit:

294 1299 333 1342 oa
347 1278 440 1351 hora,
455 1277 564 1353 idest,
583 1279 683 1342 media
697 1288 804 1355 nocte,
819 1280 960 1344 Christus
973 1279 1123 1344 irrfernum
1138 1282 1291 1365 despolia-

295 1381 355 1451 vit;
371 1387 482 1444 etcum
497 1379 653 1463 triumpho
669 1381 740 1443 inde
755 1382 886 1454 rediens
899 1388 1004 1465 raptos
1018 1382 1089 1445 inde
1104 1382 1135 1444 in
1149 1385 1291 1466 paradiso

295 1477 470 1554 collocavit,
492 1498 602 1560 corpus
629 1499 716 1542 suum
742 1478 772 1541 in
798 1478 937 1563 sepulcro
963 1479 1123 1560 visitavit,
1147 1484 1228 1565 quod
1254 1484 1292 1546 de

296 1578 424 1642 mortuis
441 1578 599 1642 excitavit.
622 1577 756 1656 Quidam
778 1580 915 1644 sentiunt
934 1580 1017 1663 quod
1032 1583 1071 1644 ab
1092 1582 1165 1645 hora
1185 1584 1293 1647 mortis

295 1699 392 1761 usque
406 1678 446 1741 ad
455 1679 560 1741 boram
573 1679 803 1742 resurrectionis
814 1680 844 1742 in
854 1678 972 1743 inferno
982 1701 1051 1744 cum
1063 1680 1168 1745 electis
1182 1681 1288 1754 fuerit:

296 1784 328 1842 et
340 1778 411 1842 inde
425 1799 494 1842 cum
511 1778 556 1841 eis
571 1777 675 1841 abiens
689 1778 866 1842 resurrexit..

340 2071 396 2136 23.
426 2074 472 2135 Dc
484 2080 731 2134 circumstantiis
743 2080 984 2135 resurrectionis
995 2072 1186 2136 -Dominicoe.

342 2174 385 2238 D.
411 2173 514 2251 Quare
525 2194 585 2235 non
595 2172 700 2236 statim
711 2178 782 2254 post
793 2179 923 2236 mortem
934 2173 1114 2236 resurrexitl
1127 2209 1166 2221 -
1180 2174 1225 2236 M.
1240 2175 1294 2238 Di-

294 2281 402 2337 cerent
422 2294 482 2337 nou
501 2294 571 2336 eum
588 2278 741 2336 mortuum
760 2270 869 2347 fuisse,
887 2272 990 2336 sedin
1007 2273 1166 2337 tormentis
1186 2275 1292 2337 obstu-

299 2374 411 2457 puisse.
427 2374 463 2438 Si
472 2381 575 2437 autem
584 2381 655 2457 post
665 2373 797 2436 multum
810 2372 1195 2456 temporisresurrexisset,
1213 2385 1295 2439 esset

299 2473 424 2536 dubium
439 2494 478 2536 an
488 2458 559 2557 'ipse
573 2480 667 2536 esset.

342 2574 385 2637 D.
411 2572 475 2636 Cur
492 2593 565 2657 ergo
582 2580 647 2636 tam
664 2572 724 2636 cito
739 2572 919 2636 resurrexitl
935 2610 979 2621 -
994 2574 1040 2637 M.
1060 2575 1105 2638 Ut
1119 2574 1208 2639 citius
1223 2594 1295 2638 suos

297 2672 517 2747 consolaretur,
535 2671 587 2755 qui
602 2671 640 2734 de
654 2692 710 2735 sua
723 2679 822 2735 morte
836 2672 1046 2736 tristabantur.

343 2774 385 2837 D.
412 2773 514 2851 Quare
525 2771 556 2833 in
569 2770 618 2833 die
632 2771 731 2852 prima
742 2772 959 2835 hebdomadael
974 2807 1014 2820 -
1027 2772 1073 2835 M.
1092 2773 1138 2836 Ut
1150 2773 1295 2836 mnndum

298 2895 337 2937 ea
352 2873 401 2936 die
410 2879 584 2947 renovaret,
599 2892 741 2954 quaeum
754 2879 922 2936 creaverat.

343 2974 384 3037 D.
411 2972 474 3038 Cur
487 2972 519 3036 in
537 2972 629 3037 tertia
649 2971 698 3034 die
714 2993 775 3034 suae
791 2971 956 3055 passionisl
973 3007 1013 3020 -
1032 2972 1077 3034 M.
1093 2972 1139 3035 Ut
1156 2991 1226 3042 eos,
1243 2970 1296 3053 qui

299 3073 398 3138 tribus
417 3072 605 3156 temporibus
625 3079 697 3136 ante
712 3073 826 3157 legem,
842 3072 996 3156 sublege,
1013 3077 1045 3135 et
1061 3073 1118 3134 sub
1133 3071 1248 3155 gratia,
1264 3071 1295 3133 in

299 3177 434 3258 peccatis
445 3174 557 3238 mortui
566 3178 664 3246 erant,
681 3174 866 3251 sublevaret,
880 3188 911 3235 et
924 3179 959 3235 ut
973 3193 1039 3245 nos,
1055 3171 1107 3254 qui
1119 3170 1219 3245 factis
1236 3171 1296 3234 dic-

300 3275 351 3349 tis,
367 3274 610 3360 cogitationibus
626 3273 766 3347 labimur,
779 3293 836 3356 per
849 3273 940 3335 fidem
952 3279 1065 3336 sanotae
1076 3270 1236 3334 Trinitatis
1245 3292 1295 3334 re-

300 3396 472 3459 surgamus

346 3476 388 3539 D.
414 3474 476 3539 Ubi
487 3473 600 3538 mansit
613 3474 673 3537 illis
684 3472 886 3556 quadraginta
901 3471 1022 3535 diebusl
1036 3506 1077 3520 -
1095 3469 1140 3534 M.
1160 3471 1194 3534 In
1204 3492 1296 3554 para-

300 3577 369 3640 diso
381 3581 560 3651 terreno‚'ut
573 3574 717 3647 creditur,
730 3594 799 3637 eum
811 3572 881 3636 Elia
892 3579 925 3635 et
939 3571 1056 3646 Enoch,
1075 3578 1107 3634 et
1119 3592 1187 3635 cum
1198 3571 1236 3635 iis
1246 3572 1298 3656 qui

301 3697 370 3742 cum
387 3697 423 3739 eo
440 3684 643 3740 surrexerant.

346 3776 388 3839 D.
414 3776 544 3854 Qualem
569 3774 698 3838 formam
727 3779 798 3856 post
827 3771 1078 3836 resurrectionem
1105 3771 1226 3835 habuitl
1253 3807 1298 3818 —

302 3877 350 3940 M.
367 3875 489 3960 Septies
501 3875 735 3959 splendidiorem
750 3895 841 3958 quam
856 3873 912 3936 sol.

346 3976 388 4038 D.
415 3976 506 4055 Quali
526 3975 624 4039 forma
642 3975 784 4039 viderunt
798 3995 866 4038 eum
883 3972 947 4036 suit
963 4009 1001 4021 -
1019 3974 1063 4036 M.
1079 3972 1163 4044 Tali,
1176 3978 1211 4034 ut
1226 3978 1298 4033 unte

299 4085 522 4141 consueverant
537 4098 606 4139 eum
621 4075 736 4139 videre.
1049 4099 1051 4104 ’
