3184 5442
295 691 358 754 116
672 711 702 751 o.
731 707 906 751 innrnnncr

294 851 467 927 Domr'nus;
479 856 511 912 et
522 848 578 912 hoc
590 856 655 912 est:
669 848 748 911 Hoee
757 855 897 910 esteninz
906 844 1058 908 voluntas
1075 847 1145 911 Dei.
1164 884 1203 897 -
1217 850 1293 913 Non

294 958 327 1011 in
345 955 510 1034 passione.
533 949 643 1012 Passio
666 947 823 1022 desiderii,
848 948 969 1031 quando
987 955 1147 1029 peccatum
1170 949 1293 1012 deside-

293 1054 392 1122 ratur,
409 1054 441 1110 et
453 1067 514 1109 non
528 1049 693 1130 perficitur.
720 1084 763 1098 -·
786 1047 860 1109 Non
877 1054 960 1109 enim
974 1054 1114 1110 vocavit.
1131 1047 1142 1133 ]
1157 1047 1292 1112 Contra-

294 1148 370 1212 rium
381 1147 528 1223 destruit,
543 1155 579 1211 ut
589 1154 708 1212 statuat
722 1148 852 1211 alter-um
863 1148 1047 1211 oontrarium
1060 1199 1066 1222 ,
1081 1148 1191 1228 idest,
1206 1170 1293 1211 asse-

294 1270 361 1312 mus
376 1248 490 1312 mundi.
517 1285 555 1296 -
583 1249 697 1335 Itaque
718 1248 861 1337 quihoee
877 1255 1010 1334 spernit.
1025 1246 1119 1333 ]Hoc
1139 1269 1179 1311 ex
1198 1270 1293 1333 supe-

294 1348 365 1412 riori
373 1348 526 1412 sententia
537 1348 699 1433 colligitur,
710 1368 772 1430 qua
784 1346 863 1411 dixit
876 1371 882 1410 :
896 1348 975 1409 Hoee
985 1360 1032 1409 est
1044 1355 1127 1409 enim
1138 1347 1293 1411 voluntas

295 1450 366 1511 Dei.
393 1485 436 1497 —
460 1447 556 1510 Dedit
566 1455 824 1534 spiritumsuam.
837 1446 896 1532 ]Id
907 1455 966 1522 est,
981 1447 1122 1529 quianon
1134 1448 1233 1511 solum
1243 1469 1293 1512 su-
1310 1494 1317 1499 -

293 1546 413 1630 periore
426 1556 581 1629 praecepta
593 1545 777 1629 praedicandi
791 1545 880 1607 nobis
898 1544 1034 1617 invexit3
1048 1547 1103 1608 sed
1116 1551 1152 1608 ut
1167 1548 1293 1632 majoris

295 1647 484 1711 auctoritatis
491 1646 522 1709 in
532 1645 726 1729 praedicando
733 1665 880 1719 essemus¹
891 1643 1040 1727 Spiritum
1050 1653 1189 1708 sanctum
1201 1666 1291 1709 suum

294 1747 382 1810 nobis
390 1747 486 1810 dedit.
510 1782 550 1795 -
572 1746 642 1832 Ipsi
650 1767 712 1807 νος
722 1743 889 1806 didicistis.
903 1744 963 1807 Per
972 1743 1200 1827 inspirationem
1209 1745 1285 1808 divi·

295 1866 378 1920 nam,
393 1847 442 1910 vel
456 1867 512 1929 per
527 1845 736 1930 evangelicum
751 1851 936 1928 praeceptum
949 1895 955 1919 ,
968 1843 1019 1906 ubi
1032 1865 1051 1907 a
1064 1842 1186 1908 Christo
1195 1844 1235 1907 de
1244 1845 1293 1907 di-

294 1946 423 2011 lectione
434 1945 615 2029 praecipitur.
637 1981 677 1994 -
700 1945 836 2006 Etenim
845 1941 1179 2028 facitis.]Aliacausa
1187 1945 1294 2008 curde

295 2046 443 2110 charitate
463 2067 521 2108 non
547 2046 659 2109 habeat
681 2044 725 2106 eis
745 2063 870 2106 necesse
891 2041 1031 2105 scribere.
1061 2077 1100 2090 -
1129 2044 1293 2128 Rogemus

295 2168 372 2219 vos,
388 2158 447 2207 ete.
467 2145 606 2230 ]Contra
622 2143 740 2225 eosqui
760 2143 954 2225 inquirebant
972 2142 1074 2205 omnia
1091 2142 1198 2212 otiosi,
1215 2143 1293 2206 nihil

295 2246 476 2308 laborantes
505 2234 545 2292 -ss
570 2242 725 2307 Nolumus
746 2255 852 2305 autem
870 2264 943 2304 ooo.
962 2241 1039 2327 ]Ad
1054 2242 1121 2306 illos
1135 2242 1187 2326 qui
1201 2244 1293 2308 dole-

294 2346 370 2406 bant
380 2343 419 2405 de
435 2341 550 2416 amicis,
564 2342 651 2425 quasi
663 2362 723 2404 non
736 2342 958 2406 resurrecturis.

728 2661 798 2702 CAP.
824 2662 856 2702 V.

342 2847 388 2909 De
404 2846 607 2933 temporibus,
623 2845 635 2932 ]
648 2848 698 2911 De
717 2849 904 2932 temporibus
915 2871 953 2912 an
970 2858 1094 2924 aestate,
1110 2853 1158 2915 vel
1172 2851 1290 2927 hieme;

294 2969 333 3011 an
346 2949 407 3025 die,
421 2948 471 3012 vel
481 2955 570 3011 nocte
581 2954 727 3012 venturus
741 2949 782 3013 sit
793 2950 832 3013 ad
841 2948 988 3036 judicium
1000 2950 1149 3015 Christus,
1177 2987 1217 3000 -
1244 2954 1294 3015 De

294 3055 470 3111 momentis.
485 3045 544 3132 ]Id
557 3054 616 3123 est,
629 3068 692 3131 qua
702 3047 778 3112 hora
791 3048 851 3112 diei
864 3048 912 3112 vel
927 3049 1036 3114 noctis·
1063 3086 1103 3099 -
1128 3050 1198 3137 Ipsi
1209 3060 1292 3114 enim

295 3149 474 3237 ¹diligenter.
490 3148 501 3235 ]
517 3148 613 3227 Quasi
634 3148 733 3224 dicat,
757 3171 818 3212 non
838 3149 1000 3235 indigetis,
1023 3151 1096 3235 quia
1113 3152 1186 3215 nihil
1209 3153 1293 3216 aliud
1350 3208 1355 3213 .

294 3250 475 3326 scriberem,
491 3249 549 3312 nisi
561 3251 642 3332 quod
652 3271 708 3313 vos
719 3251 815 3326 scitis,
829 3251 909 3314 diem
921 3250 1063 3316 videlieet
1074 3253 1198 3316 Domini
1212 3254 1293 3317 clam

295 3356 455 3413 venturum
468 3400 474 3422 ,
489 3368 545 3410 nec
564 3355 703 3431 tempora
723 3371 779 3413 neo
800 3357 955 3413 momenta
975 3349 1077 3434 aliquo
1095 3353 1221 3416 sciente.
1248 3389 1291 3402 -ν

299 3446 374 3509 Crem
392 3455 476 3510 enim
492 3446 634 3508 dixerint
641 3470 724 3533 pax.
735 3447 746 3532 ]
759 3448 914 3512 Defuncto
934 3449 1125 3516 Antichristo
1139 3452 1293 3534 putabunt

295 3545 379 3608 stulti
401 3566 435 3608 se
454 3545 583 3628 amplius
603 3566 739 3619 securos;
759 3548 815 3609 sed
835 3557 907 3611 tunc
932 3548 993 3613 cito
1012 3550 1115 3614 veniet
1130 3550 1288 3625 interitum

294 3651 326 3708 et
341 3653 412 3708 tuno
422 3645 500 3707 bene
515 3643 572 3706 erit
583 3645 686 3718 nobis
701 3645 752 3727 qui
765 3646 931 3709 evademus
943 3647 1020 3713 sicut
1032 3649 1140 3712 mulier
1153 3657 1287 3732 partum.

297 3779 337 3791 -
366 3741 405 3804 Ut
416 3750 566 3804 noveritis
578 3765 643 3805 eos.
658 3742 788 3828 ]Genus
803 3744 980 3822 locutionis
1001 3750 1225 3825 cumdicimuS‚
1242 3752 1290 3814 cui

294 3842 367 3905 nihil
382 3843 454 3904 dare
469 3841 626 3917 volumus
643 3864 703 3905 non
718 3863 810 3907 nosco
826 3851 867 3920 te,
883 3850 984 3909 nescio
994 3854 1100 3910 te.-
1130 3847 1242 3911 Videte
1252 3873 1292 3910 ne

295 3940 501 4028 qurbmolom
515 3942 903 4026 Malumpromaioreddit
917 3966 967 4027 qur
979 3968 1070 4029 quem
1079 3969 1229 4032 corrigere
1239 3971 1293 4032 po

295 4048 356 4106 test
361 4040 711 4122 ,impunitumdimittit
769 4071 772 4075 ·
858 4114 861 4122 f
