<?xml version="1.0" encoding="UTF-8"?>
<!DOCTYPE html PUBLIC "-//W3C//DTD XHTML 1.0 Transitional//EN"
    "http://www.w3.org/TR/xhtml1/DTD/xhtml1-transitional.dtd">
<html xmlns="http://www.w3.org/1999/xhtml" xml:lang="en" lang="en">
 <head>
  <title>
</title>
<meta http-equiv="Content-Type" content="text/html;charset=utf-8" />
  <meta name='ocr-system' content='tesseract 3.04.00' />
  <meta name='ocr-capabilities' content='ocr_page ocr_carea ocr_par ocr_line ocrx_word'/>
</head>
<body>
  <div class='ocr_page' id='page_1' title='image "./operaquaesupers00lanfgoog_0042.png"; bbox 0 0 3184 5442; ppageno 0'>
   <div class='ocr_carea' id='block_1_1' title="bbox 305 707 902 770">
    <p class='ocr_par' dir='ltr' id='par_1_1' title="bbox 305 707 902 770">
     <span class='ocr_line' id='line_1_1' title="bbox 305 707 902 770; baseline 0.005 -3"><span class='ocrx_word' id='word_1_1' title='bbox 305 707 347 768; x_wconf 74' lang='lat'>46</span> <span class='ocrx_word' id='word_1_2' title='bbox 673 727 703 768; x_wconf 87' lang='lat' dir='ltr'>n.</span> <span class='ocrx_word' id='word_1_3' title='bbox 730 726 902 770; x_wconf 75' lang='lat' dir='ltr'>rauranum</span> 
     </span>
    </p>
   </div>
   <div class='ocr_carea' id='block_1_2' title="bbox 196 887 1353 3469">
    <p class='ocr_par' dir='ltr' id='par_1_2' title="bbox 196 887 1353 3469">
     <span class='ocr_line' id='line_1_2' title="bbox 306 887 1304 971; baseline 0.005 -17"><span class='ocrx_word' id='word_1_4' title='bbox 306 890 369 955; x_wconf 89' lang='lat' dir='ltr'>Cur</span> <span class='ocrx_word' id='word_1_5' title='bbox 383 887 489 952; x_wconf 82' lang='lat' dir='ltr'>dixisti</span> <span class='ocrx_word' id='word_1_6' title='bbox 504 893 622 952; x_wconf 90' lang='lat' dir='ltr'>tantum</span> <span class='ocrx_word' id='word_1_7' title='bbox 635 887 872 971; x_wconf 85' lang='lat' dir='ltr'>superaedifioet;</span> <span class='ocrx_word' id='word_1_8' title='bbox 887 895 919 951; x_wconf 91' lang='lat' dir='ltr'>et</span> <span class='ocrx_word' id='word_1_9' title='bbox 932 907 992 950; x_wconf 91' lang='lat' dir='ltr'>non</span> <span class='ocrx_word' id='word_1_10' title='bbox 1006 889 1112 954; x_wconf 83' lang='lat' dir='ltr'>dixisti</span> <span class='ocrx_word' id='word_1_11' title='bbox 1125 890 1304 958; x_wconf 85' lang='lat' dir='ltr'>fundamen-</span> 
     </span>
     <span class='ocr_line' id='line_1_3' title="bbox 305 985 1301 1072; baseline 0.004 -18"><span class='ocrx_word' id='word_1_12' title='bbox 305 999 370 1054; x_wconf 89' lang='lat' dir='ltr'>tum</span> <span class='ocrx_word' id='word_1_13' title='bbox 385 986 499 1072; x_wconf 88' lang='lat' dir='ltr'>ponatl</span> <span class='ocrx_word' id='word_1_14' title='bbox 517 986 629 1061; x_wconf 82' lang='lat' dir='ltr'>Absit,</span> <span class='ocrx_word' id='word_1_15' title='bbox 645 987 765 1070; x_wconf 88' lang='lat' dir='ltr'>inquit,</span> <span class='ocrx_word' id='word_1_16' title='bbox 784 985 1015 1052; x_wconf 84' lang='lat' dir='ltr'>fundamentum</span> <span class='ocrx_word' id='word_1_17' title='bbox 1034 990 1115 1053; x_wconf 87' lang='lat' dir='ltr'>enim</span> <span class='ocrx_word' id='word_1_18' title='bbox 1129 992 1226 1065; x_wconf 78' lang='lat' dir='ltr'>aliud.</span> <span class='ocrx_word' id='word_1_19' title='bbox 1241 1005 1301 1060; x_wconf 86' lang='lat' dir='ltr'>eto.</span> 
     </span>
     <span class='ocr_line' id='line_1_4' title="bbox 307 1085 1302 1174; baseline 0.01 -25"><span class='ocrx_word' id='word_1_20' title='bbox 307 1125 347 1139; x_wconf 90' lang='lat'><em>-</em></span> <span class='ocrx_word' id='word_1_21' title='bbox 377 1085 537 1172; x_wconf 83' lang='lat' dir='ltr'>Templum</span> <span class='ocrx_word' id='word_1_22' title='bbox 554 1087 612 1149; x_wconf 81' lang='lat' dir='ltr'>Det</span> <span class='ocrx_word' id='word_1_23' title='bbox 632 1087 745 1172; x_wconf 69' lang='lat' dir='ltr'>estis]</span> <span class='ocrx_word' id='word_1_24' title='bbox 762 1088 846 1171; x_wconf 87' lang='lat' dir='ltr'>Ergo</span> <span class='ocrx_word' id='word_1_25' title='bbox 865 1108 906 1151; x_wconf 90' lang='lat' dir='ltr'>ne</span> <span class='ocrx_word' id='word_1_26' title='bbox 925 1088 1062 1170; x_wconf 85' lang='lat' dir='ltr'>perdatis</span> <span class='ocrx_word' id='word_1_27' title='bbox 1075 1092 1225 1174; x_wconf 83' lang='lat' dir='ltr'>templum</span> <span class='ocrx_word' id='word_1_28' title='bbox 1240 1094 1302 1158; x_wconf 82' lang='lat' dir='ltr'>Dei</span> 
     </span>
     <span class='ocr_line' id='line_1_5' title="bbox 305 1187 1300 1277; baseline 0.004 -23"><span class='ocrx_word' id='word_1_29' title='bbox 305 1189 458 1274; x_wconf 87' lang='lat' dir='ltr'>peccando</span> <span class='ocrx_word' id='word_1_30' title='bbox 473 1239 480 1263; x_wconf 88' lang='lat'>,</span> <span class='ocrx_word' id='word_1_31' title='bbox 492 1187 607 1252; x_wconf 86' lang='lat' dir='ltr'>violare</span> <span class='ocrx_word' id='word_1_32' title='bbox 620 1209 681 1252; x_wconf 93' lang='lat' dir='ltr'>non</span> <span class='ocrx_word' id='word_1_33' title='bbox 692 1188 826 1254; x_wconf 86' lang='lat' dir='ltr'>debetis:</span> <span class='ocrx_word' id='word_1_34' title='bbox 841 1188 867 1250; x_wconf 90' lang='lat' dir='ltr'>si</span> <span class='ocrx_word' id='word_1_35' title='bbox 882 1189 962 1252; x_wconf 90' lang='lat' dir='ltr'>enim</span> <span class='ocrx_word' id='word_1_36' title='bbox 974 1189 1031 1253; x_wconf 87' lang='lat' dir='ltr'>hoo</span> <span class='ocrx_word' id='word_1_37' title='bbox 1045 1189 1161 1255; x_wconf 83' lang='lat' dir='ltr'>facitis:</span> <span class='ocrx_word' id='word_1_38' title='bbox 1181 1193 1300 1277; x_wconf 89' lang='lat' dir='ltr'>disper-</span> 
     </span>
     <span class='ocr_line' id='line_1_6' title="bbox 304 1287 1297 1376; baseline 0.004 -22"><span class='ocrx_word' id='word_1_39' title='bbox 304 1291 358 1354; x_wconf 85' lang='lat' dir='ltr'>det</span> <span class='ocrx_word' id='word_1_40' title='bbox 371 1309 428 1353; x_wconf 90' lang='lat' dir='ltr'>vos</span> <span class='ocrx_word' id='word_1_41' title='bbox 443 1287 611 1352; x_wconf 82' lang='lat' dir='ltr'>Dominus:</span> <span class='ocrx_word' id='word_1_42' title='bbox 625 1288 708 1352; x_wconf 91' lang='lat' dir='ltr'>Nam</span> <span class='ocrx_word' id='word_1_43' title='bbox 723 1309 846 1352; x_wconf 89' lang='lat' dir='ltr'>omnem</span> <span class='ocrx_word' id='word_1_44' title='bbox 864 1290 916 1373; x_wconf 89' lang='lat' dir='ltr'>qui</span> <span class='ocrx_word' id='word_1_45' title='bbox 939 1289 1035 1354; x_wconf 89' lang='lat' dir='ltr'>violat</span> <span class='ocrx_word' id='word_1_46' title='bbox 1054 1293 1203 1376; x_wconf 78' lang='lat' dir='ltr'>templum</span> <span class='ocrx_word' id='word_1_47' title='bbox 1216 1295 1297 1370; x_wconf 84' lang='lat' dir='ltr'>Dei,</span> 
     </span>
     <span class='ocr_line' id='line_1_7' title="bbox 196 1380 1301 1477; baseline 0.005 -23"><span class='ocrx_word' id='word_1_48' title='bbox 196 1380 200 1390; x_wconf 78' lang='grc'><strong>’</strong></span> <span class='ocrx_word' id='word_1_49' title='bbox 305 1389 461 1473; x_wconf 84' lang='lat' dir='ltr'>disperdet</span> <span class='ocrx_word' id='word_1_50' title='bbox 470 1388 637 1452; x_wconf 86' lang='lat' dir='ltr'>Dominus:</span> <span class='ocrx_word' id='word_1_51' title='bbox 653 1409 708 1452; x_wconf 90' lang='lat' dir='ltr'>vos</span> <span class='ocrx_word' id='word_1_52' title='bbox 722 1396 828 1455; x_wconf 85' lang='lat' dir='ltr'>autem</span> <span class='ocrx_word' id='word_1_53' title='bbox 838 1390 993 1473; x_wconf 83' lang='lat' dir='ltr'>peccando</span> <span class='ocrx_word' id='word_1_54' title='bbox 1003 1390 1144 1465; x_wconf 87' lang='lat' dir='ltr'>violatis;</span> <span class='ocrx_word' id='word_1_55' title='bbox 1160 1394 1244 1477; x_wconf 91' lang='lat' dir='ltr'>quod</span> <span class='ocrx_word' id='word_1_56' title='bbox 1256 1395 1301 1459; x_wconf 88' lang='lat' dir='ltr'>sio</span> 
     </span>
     <span class='ocr_line' id='line_1_8' title="bbox 304 1488 1299 1574; baseline 0.002 -20"><span class='ocrx_word' id='word_1_57' title='bbox 304 1491 426 1572; x_wconf 88' lang='lat' dir='ltr'>probat.</span> <span class='ocrx_word' id='word_1_58' title='bbox 436 1489 503 1553; x_wconf 86' lang='lat' dir='ltr'>Vos</span> <span class='ocrx_word' id='word_1_59' title='bbox 517 1489 591 1552; x_wconf 90' lang='lat' dir='ltr'>estis</span> <span class='ocrx_word' id='word_1_60' title='bbox 602 1488 748 1571; x_wconf 87' lang='lat' dir='ltr'>templum</span> <span class='ocrx_word' id='word_1_61' title='bbox 756 1488 827 1564; x_wconf 88' lang='lat' dir='ltr'>Dei,</span> <span class='ocrx_word' id='word_1_62' title='bbox 841 1489 912 1572; x_wconf 88' lang='lat' dir='ltr'>quia</span> <span class='ocrx_word' id='word_1_63' title='bbox 926 1489 1060 1574; x_wconf 81' lang='lat' dir='ltr'>Spiritus</span> <span class='ocrx_word' id='word_1_64' title='bbox 1070 1490 1130 1555; x_wconf 83' lang='lat' dir='ltr'>Dei</span> <span class='ocrx_word' id='word_1_65' title='bbox 1139 1492 1299 1558; x_wconf 77' lang='lat' dir='ltr'>habitatin</span> 
     </span>
     <span class='ocr_line' id='line_1_9' title="bbox 305 1588 1298 1662; baseline 0.004 -8"><span class='ocrx_word' id='word_1_66' title='bbox 305 1589 410 1661; x_wconf 88' lang='lat' dir='ltr'>vobis;</span> <span class='ocrx_word' id='word_1_67' title='bbox 433 1588 491 1652; x_wconf 85' lang='lat' dir='ltr'>hoo</span> <span class='ocrx_word' id='word_1_68' title='bbox 509 1595 557 1652; x_wconf 89' lang='lat' dir='ltr'>est</span> <span class='ocrx_word' id='word_1_69' title='bbox 582 1588 698 1662; x_wconf 83' lang='lat' dir='ltr'>dicere,</span> <span class='ocrx_word' id='word_1_70' title='bbox 722 1609 779 1652; x_wconf 90' lang='lat' dir='ltr'>vos</span> <span class='ocrx_word' id='word_1_71' title='bbox 801 1589 876 1652; x_wconf 87' lang='lat' dir='ltr'>estis</span> <span class='ocrx_word' id='word_1_72' title='bbox 896 1589 1100 1654; x_wconf 80' lang='lat' dir='ltr'>habitaculum</span> <span class='ocrx_word' id='word_1_73' title='bbox 1121 1593 1192 1656; x_wconf 86' lang='lat' dir='ltr'>Dei.</span> <span class='ocrx_word' id='word_1_74' title='bbox 1220 1595 1298 1658; x_wconf 84' lang='lat' dir='ltr'>Item</span> 
     </span>
     <span class='ocr_line' id='line_1_10' title="bbox 305 1689 1295 1772; baseline 0.005 -20"><span class='ocrx_word' id='word_1_75' title='bbox 305 1710 395 1755; x_wconf 87' lang='lat' dir='ltr'>omue</span> <span class='ocrx_word' id='word_1_76' title='bbox 412 1695 552 1753; x_wconf 84' lang='lat' dir='ltr'>sanatum</span> <span class='ocrx_word' id='word_1_77' title='bbox 576 1698 624 1752; x_wconf 89' lang='lat' dir='ltr'>est</span> <span class='ocrx_word' id='word_1_78' title='bbox 641 1689 790 1772; x_wconf 90' lang='lat' dir='ltr'>templum</span> <span class='ocrx_word' id='word_1_79' title='bbox 802 1689 881 1761; x_wconf 90' lang='lat' dir='ltr'>Dei;</span> <span class='ocrx_word' id='word_1_80' title='bbox 899 1689 953 1752; x_wconf 89' lang='lat' dir='ltr'>sed</span> <span class='ocrx_word' id='word_1_81' title='bbox 972 1710 1029 1753; x_wconf 88' lang='lat' dir='ltr'>vos</span> <span class='ocrx_word' id='word_1_82' title='bbox 1047 1690 1120 1754; x_wconf 84' lang='lat' dir='ltr'>estis</span> <span class='ocrx_word' id='word_1_83' title='bbox 1136 1701 1295 1769; x_wconf 80' lang='lat' dir='ltr'>sanetum,</span> 
     </span>
     <span class='ocr_line' id='line_1_11' title="bbox 305 1788 1297 1875; baseline 0.005 -22"><span class='ocrx_word' id='word_1_84' title='bbox 305 1809 379 1875; x_wconf 87' lang='lat' dir='ltr'>ergo</span> <span class='ocrx_word' id='word_1_85' title='bbox 397 1789 458 1853; x_wconf 92' lang='lat' dir='ltr'>Dei</span> <span class='ocrx_word' id='word_1_86' title='bbox 472 1788 637 1871; x_wconf 89' lang='lat' dir='ltr'>templum:</span> <span class='ocrx_word' id='word_1_87' title='bbox 653 1794 825 1853; x_wconf 86' lang='lat' dir='ltr'>vosautem</span> <span class='ocrx_word' id='word_1_88' title='bbox 840 1789 924 1871; x_wconf 90' lang='lat' dir='ltr'>ipsos</span> <span class='ocrx_word' id='word_1_89' title='bbox 938 1790 1011 1852; x_wconf 91' lang='lat' dir='ltr'>dum</span> <span class='ocrx_word' id='word_1_90' title='bbox 1029 1790 1182 1872; x_wconf 82' lang='lat' dir='ltr'>peccatis,</span> <span class='ocrx_word' id='word_1_91' title='bbox 1201 1793 1297 1859; x_wconf 89' lang='lat' dir='ltr'>viola-</span> 
     </span>
     <span class='ocr_line' id='line_1_12' title="bbox 305 1887 1298 1975; baseline 0.003 -22"><span class='ocrx_word' id='word_1_92' title='bbox 305 1891 361 1964; x_wconf 91' lang='lat' dir='ltr'>tis,</span> <span class='ocrx_word' id='word_1_93' title='bbox 386 1910 459 1975; x_wconf 87' lang='lat' dir='ltr'>ergo</span> <span class='ocrx_word' id='word_1_94' title='bbox 478 1888 626 1973; x_wconf 83' lang='lat' dir='ltr'>templum</span> <span class='ocrx_word' id='word_1_95' title='bbox 647 1887 708 1952; x_wconf 88' lang='lat' dir='ltr'>Dei</span> <span class='ocrx_word' id='word_1_96' title='bbox 727 1887 860 1951; x_wconf 80' lang='lat' dir='ltr'>violatis,</span> <span class='ocrx_word' id='word_1_97' title='bbox 886 1924 929 1936; x_wconf 90' lang='lat'><em>-</em></span> <span class='ocrx_word' id='word_1_98' title='bbox 952 1888 1087 1972; x_wconf 79' lang='lat' dir='ltr'>Sapiens</span> <span class='ocrx_word' id='word_1_99' title='bbox 1105 1912 1174 1954; x_wconf 82' lang='lat' dir='ltr'>esse</span> <span class='ocrx_word' id='word_1_100' title='bbox 1190 1899 1222 1954; x_wconf 84' lang='lat' dir='ltr'>in</span> <span class='ocrx_word' id='word_1_101' title='bbox 1238 1893 1298 1956; x_wconf 80' lang='lat' dir='ltr'>boo</span> 
     </span>
     <span class='ocr_line' id='line_1_13' title="bbox 300 1985 1297 2074; baseline 0.007 -26"><span class='ocrx_word' id='word_1_102' title='bbox 300 1989 399 2051; x_wconf 82' lang='lat' dir='ltr'>soeoul</span> <span class='ocrx_word' id='word_1_103' title='bbox 420 1987 444 2074; x_wconf 84' lang='lat'>.]</span> <span class='ocrx_word' id='word_1_104' title='bbox 466 1988 503 2052; x_wconf 92' lang='lat' dir='ltr'>ld</span> <span class='ocrx_word' id='word_1_105' title='bbox 515 1995 575 2065; x_wconf 88' lang='lat' dir='ltr'>est,</span> <span class='ocrx_word' id='word_1_106' title='bbox 592 1987 623 2050; x_wconf 93' lang='lat' dir='ltr'>in</span> <span class='ocrx_word' id='word_1_107' title='bbox 635 1987 750 2051; x_wconf 87' lang='lat' dir='ltr'>astutia</span> <span class='ocrx_word' id='word_1_108' title='bbox 765 1985 857 2071; x_wconf 76' lang='lat' dir='ltr'>hujus</span> <span class='ocrx_word' id='word_1_109' title='bbox 870 1985 971 2050; x_wconf 86' lang='lat' dir='ltr'>saeouli</span> <span class='ocrx_word' id='word_1_110' title='bbox 984 1987 1049 2060; x_wconf 88' lang='lat' dir='ltr'>fiat,</span> <span class='ocrx_word' id='word_1_111' title='bbox 1062 1987 1093 2050; x_wconf 91' lang='lat' dir='ltr'>id</span> <span class='ocrx_word' id='word_1_112' title='bbox 1108 1996 1157 2052; x_wconf 83' lang='lat' dir='ltr'>est</span> <span class='ocrx_word' id='word_1_113' title='bbox 1169 1990 1297 2056; x_wconf 88' lang='lat' dir='ltr'>stultum</span> 
     </span>
     <span class='ocr_line' id='line_1_14' title="bbox 298 2086 1297 2174; baseline 0.001 -21"><span class='ocrx_word' id='word_1_114' title='bbox 298 2108 332 2152; x_wconf 88' lang='lat' dir='ltr'>se</span> <span class='ocrx_word' id='word_1_115' title='bbox 355 2089 519 2174; x_wconf 83' lang='lat' dir='ltr'>intelligit,</span> <span class='ocrx_word' id='word_1_116' title='bbox 539 2103 571 2152; x_wconf 88' lang='lat' dir='ltr'>et</span> <span class='ocrx_word' id='word_1_117' title='bbox 594 2086 774 2171; x_wconf 83' lang='lat' dir='ltr'>sapientiam</span> <span class='ocrx_word' id='word_1_118' title='bbox 797 2107 885 2150; x_wconf 88' lang='lat' dir='ltr'>suam</span> <span class='ocrx_word' id='word_1_119' title='bbox 906 2086 1068 2151; x_wconf 81' lang='lat' dir='ltr'>stultitiam</span> <span class='ocrx_word' id='word_1_120' title='bbox 1087 2088 1226 2171; x_wconf 88' lang='lat' dir='ltr'>deputat.</span> <span class='ocrx_word' id='word_1_121' title='bbox 1252 2126 1297 2141; x_wconf 93' lang='lat'><em>-</em></span> 
     </span>
     <span class='ocr_line' id='line_1_15' title="bbox 301 2185 1353 2277; baseline 0.004 -27"><span class='ocrx_word' id='word_1_122' title='bbox 301 2187 570 2276; x_wconf 74' lang='lat' dir='ltr'>Comprehendom</span> <span class='ocrx_word' id='word_1_123' title='bbox 582 2194 754 2271; x_wconf 83' lang='lat' dir='ltr'>sapientes.</span> <span class='ocrx_word' id='word_1_124' title='bbox 769 2185 1068 2271; x_wconf 80' lang='lat' dir='ltr'>]1n·J0bscripmm</span> <span class='ocrx_word' id='word_1_125' title='bbox 1086 2196 1136 2274; x_wconf 79' lang='lat' dir='ltr'>est</span> <span class='ocrx_word' id='word_1_126' title='bbox 1151 2189 1212 2254; x_wconf 86' lang='lat' dir='ltr'>ita:</span> <span class='ocrx_word' id='word_1_127' title='bbox 1233 2189 1297 2277; x_wconf 82' lang='lat' dir='ltr'>Qui</span> <span class='ocrx_word' id='word_1_128' title='bbox 1350 2193 1353 2199; x_wconf 71' lang='grc'>’</span> 
     </span>
     <span class='ocr_line' id='line_1_16' title="bbox 294 2287 1295 2375; baseline 0.005 -24"><span class='ocrx_word' id='word_1_129' title='bbox 294 2287 528 2374; x_wconf 78' lang='lat' dir='ltr'>comprehendit</span> <span class='ocrx_word' id='word_1_130' title='bbox 557 2294 717 2372; x_wconf 82' lang='lat' dir='ltr'>sapientes</span> <span class='ocrx_word' id='word_1_131' title='bbox 740 2294 774 2349; x_wconf 79' lang='lat' dir='ltr'>in</span> <span class='ocrx_word' id='word_1_132' title='bbox 801 2295 921 2349; x_wconf 80' lang='lat' dir='ltr'>astutia</span> <span class='ocrx_word' id='word_1_133' title='bbox 941 2310 1061 2352; x_wconf 84' lang='lat' dir='ltr'>eorum.</span> <span class='ocrx_word' id='word_1_134' title='bbox 1089 2289 1189 2354; x_wconf 88' lang='lat' dir='ltr'>Omne</span> <span class='ocrx_word' id='word_1_135' title='bbox 1213 2294 1295 2375; x_wconf 91' lang='lat' dir='ltr'>quod</span> 
     </span>
     <span class='ocr_line' id='line_1_17' title="bbox 293 2386 1294 2474; baseline 0.006 -25"><span class='ocrx_word' id='word_1_136' title='bbox 293 2388 439 2469; x_wconf 88' lang='lat' dir='ltr'>illaqueat</span> <span class='ocrx_word' id='word_1_137' title='bbox 447 2386 802 2468; x_wconf 77' lang='lat' dir='ltr'>deponendumtastutia</span> <span class='ocrx_word' id='word_1_138' title='bbox 810 2395 914 2449; x_wconf 91' lang='lat' dir='ltr'>autem</span> <span class='ocrx_word' id='word_1_139' title='bbox 923 2386 1237 2474; x_wconf 78' lang='lat' dir='ltr'>illaqueatlsoriptum</span> <span class='ocrx_word' id='word_1_140' title='bbox 1245 2398 1294 2455; x_wconf 87' lang='lat' dir='ltr'>ast</span> 
     </span>
     <span class='ocr_line' id='line_1_18' title="bbox 301 2484 1296 2574; baseline 0.003 -23"><span class='ocrx_word' id='word_1_141' title='bbox 301 2486 380 2551; x_wconf 85' lang='lat' dir='ltr'>enim</span> <span class='ocrx_word' id='word_1_142' title='bbox 392 2484 658 2568; x_wconf 83' lang='lat' dir='ltr'>comprehendam,</span> <span class='ocrx_word' id='word_1_143' title='bbox 676 2492 734 2550; x_wconf 85' lang='lat' dir='ltr'>eto.</span> <span class='ocrx_word' id='word_1_144' title='bbox 746 2484 753 2570; x_wconf 76' lang='lat' dir='ltr'>l</span> <span class='ocrx_word' id='word_1_145' title='bbox 765 2508 853 2572; x_wconf 80' lang='lat' dir='ltr'>ergo,</span> <span class='ocrx_word' id='word_1_146' title='bbox 863 2500 923 2550; x_wconf 83' lang='lat' dir='ltr'>eto.</span> <span class='ocrx_word' id='word_1_147' title='bbox 1019 2486 1233 2574; x_wconf 79' lang='lat' dir='ltr'>Cogitationes</span> <span class='ocrx_word' id='word_1_148' title='bbox 1241 2513 1296 2554; x_wconf 82' lang='lat' dir='ltr'>so·</span> 
     </span>
     <span class='ocr_line' id='line_1_19' title="bbox 290 2584 1296 2675; baseline 0.006 -27"><span class='ocrx_word' id='word_1_149' title='bbox 290 2593 462 2673; x_wconf 76' lang='lat' dir='ltr'>pientiam.</span> <span class='ocrx_word' id='word_1_150' title='bbox 475 2584 486 2669; x_wconf 71' lang='lat' dir='ltr'>l</span> <span class='ocrx_word' id='word_1_151' title='bbox 498 2585 651 2650; x_wconf 83' lang='lat' dir='ltr'>Inusitata</span> <span class='ocrx_word' id='word_1_152' title='bbox 661 2587 860 2651; x_wconf 87' lang='lat' dir='ltr'>translatione</span> <span class='ocrx_word' id='word_1_153' title='bbox 871 2587 998 2672; x_wconf 88' lang='lat' dir='ltr'>legitur,</span> <span class='ocrx_word' id='word_1_154' title='bbox 1017 2597 1224 2675; x_wconf 79' lang='lat' dir='ltr'>cogitationes</span> <span class='ocrx_word' id='word_1_155' title='bbox 1238 2591 1296 2654; x_wconf 75' lang='lat' dir='ltr'>lio-</span> 
     </span>
     <span class='ocr_line' id='line_1_20' title="bbox 296 2685 1295 2777; baseline 0.008 -28"><span class='ocrx_word' id='word_1_156' title='bbox 296 2693 424 2749; x_wconf 82' lang='lat' dir='ltr'>mtnum.</span> <span class='ocrx_word' id='word_1_157' title='bbox 454 2720 493 2737; x_wconf 85' lang='lat'><em>-</em></span> <span class='ocrx_word' id='word_1_158' title='bbox 523 2685 640 2751; x_wconf 76' lang='lat' dir='ltr'>Omnia</span> <span class='ocrx_word' id='word_1_159' title='bbox 652 2694 746 2751; x_wconf 81' lang='lat' dir='ltr'>eninr.</span> <span class='ocrx_word' id='word_1_160' title='bbox 759 2686 772 2772; x_wconf 73' lang='lat' dir='ltr'>l</span> <span class='ocrx_word' id='word_1_161' title='bbox 787 2687 883 2766; x_wconf 75' lang='lat' dir='ltr'>Quasi</span> <span class='ocrx_word' id='word_1_162' title='bbox 894 2688 1054 2753; x_wconf 74' lang='lat' dir='ltr'>doeretda</span> <span class='ocrx_word' id='word_1_163' title='bbox 1065 2710 1115 2765; x_wconf 89' lang='lat' dir='ltr'>se,</span> <span class='ocrx_word' id='word_1_164' title='bbox 1130 2691 1295 2777; x_wconf 86' lang='lat' dir='ltr'>majoribus</span> 
     </span>
     <span class='ocr_line' id='line_1_21' title="bbox 297 2783 1289 2872; baseline 0.006 -22"><span class='ocrx_word' id='word_1_165' title='bbox 297 2793 329 2850; x_wconf 89' lang='lat' dir='ltr'>et</span> <span class='ocrx_word' id='word_1_166' title='bbox 343 2783 608 2850; x_wconf 81' lang='lat' dir='ltr'>excellentioribus</span> <span class='ocrx_word' id='word_1_167' title='bbox 618 2787 709 2849; x_wconf 85' lang='lat' dir='ltr'>rebus</span> <span class='ocrx_word' id='word_1_168' title='bbox 723 2787 831 2870; x_wconf 83' lang='lat' dir='ltr'>auique</span> <span class='ocrx_word' id='word_1_169' title='bbox 842 2787 1033 2872; x_wconf 82' lang='lat' dir='ltr'>gloriandum</span> <span class='ocrx_word' id='word_1_170' title='bbox 1044 2796 1093 2853; x_wconf 88' lang='lat' dir='ltr'>est</span> <span class='ocrx_word' id='word_1_171' title='bbox 1101 2813 1111 2864; x_wconf 91' lang='lat'>;</span> <span class='ocrx_word' id='word_1_172' title='bbox 1120 2810 1182 2854; x_wconf 91' lang='lat' dir='ltr'>non</span> <span class='ocrx_word' id='word_1_173' title='bbox 1191 2792 1230 2854; x_wconf 90' lang='lat' dir='ltr'>de</span> <span class='ocrx_word' id='word_1_174' title='bbox 1240 2791 1289 2856; x_wconf 90' lang='lat' dir='ltr'>his</span> 
     </span>
     <span class='ocr_line' id='line_1_22' title="bbox 296 2885 1294 2975; baseline 0.004 -24"><span class='ocrx_word' id='word_1_175' title='bbox 296 2906 365 2971; x_wconf 82' lang='lat' dir='ltr'>quea</span> <span class='ocrx_word' id='word_1_176' title='bbox 377 2906 434 2952; x_wconf 87' lang='lat' dir='ltr'>sua</span> <span class='ocrx_word' id='word_1_177' title='bbox 449 2893 531 2951; x_wconf 89' lang='lat' dir='ltr'>sunt.</span> <span class='ocrx_word' id='word_1_178' title='bbox 560 2920 600 2938; x_wconf 89' lang='lat'>-··</span> <span class='ocrx_word' id='word_1_179' title='bbox 625 2885 699 2949; x_wconf 78' lang='lat' dir='ltr'>Sive</span> <span class='ocrx_word' id='word_1_180' title='bbox 719 2886 867 2951; x_wconf 74' lang='lat' dir='ltr'>mrtndus.</span> <span class='ocrx_word' id='word_1_181' title='bbox 887 2886 1048 2972; x_wconf 72' lang='lat' dir='ltr'>lMundus</span> <span class='ocrx_word' id='word_1_182' title='bbox 1071 2889 1152 2954; x_wconf 84' lang='lat' dir='ltr'>enim</span> <span class='ocrx_word' id='word_1_183' title='bbox 1170 2899 1294 2975; x_wconf 79' lang='lat' dir='ltr'>propter</span> 
     </span>
     <span class='ocr_line' id='line_1_23' title="bbox 296 2984 1294 3074; baseline 0.003 -22"><span class='ocrx_word' id='word_1_184' title='bbox 296 2987 462 3054; x_wconf 84' lang='lat' dir='ltr'>utilitatem</span> <span class='ocrx_word' id='word_1_185' title='bbox 488 2985 644 3051; x_wconf 91' lang='lat' dir='ltr'>hominum</span> <span class='ocrx_word' id='word_1_186' title='bbox 667 2984 767 3052; x_wconf 81' lang='lat' dir='ltr'>laetus</span> <span class='ocrx_word' id='word_1_187' title='bbox 786 2996 845 3052; x_wconf 90' lang='lat' dir='ltr'>est.</span> <span class='ocrx_word' id='word_1_188' title='bbox 874 3023 914 3037; x_wconf 92' lang='lat'>-</span> <span class='ocrx_word' id='word_1_189' title='bbox 938 2987 1012 3052; x_wconf 83' lang='lat' dir='ltr'>Sive</span> <span class='ocrx_word' id='word_1_190' title='bbox 1033 2988 1141 3074; x_wconf 71' lang='lat' dir='ltr'>vita]</span> <span class='ocrx_word' id='word_1_191' title='bbox 1164 2989 1240 3055; x_wconf 89' lang='lat' dir='ltr'>Vita</span> <span class='ocrx_word' id='word_1_192' title='bbox 1260 2998 1294 3055; x_wconf 91' lang='lat' dir='ltr'>et</span> 
     </span>
     <span class='ocr_line' id='line_1_24' title="bbox 296 3086 1292 3155; baseline -0.001 -2"><span class='ocrx_word' id='word_1_193' title='bbox 296 3108 379 3153; x_wconf 90' lang='lat' dir='ltr'>mors</span> <span class='ocrx_word' id='word_1_194' title='bbox 391 3087 549 3152; x_wconf 86' lang='lat' dir='ltr'>doctorum</span> <span class='ocrx_word' id='word_1_195' title='bbox 560 3087 600 3152; x_wconf 90' lang='lat' dir='ltr'>ad</span> <span class='ocrx_word' id='word_1_196' title='bbox 611 3086 841 3155; x_wconf 77' lang='lat' dir='ltr'>aedificationem</span> <span class='ocrx_word' id='word_1_197' title='bbox 853 3089 1059 3154; x_wconf 85' lang='lat' dir='ltr'>subditisesse</span> <span class='ocrx_word' id='word_1_198' title='bbox 1072 3090 1195 3154; x_wconf 89' lang='lat' dir='ltr'>debent.</span> <span class='ocrx_word' id='word_1_199' title='bbox 1213 3090 1292 3154; x_wconf 89' lang='lat' dir='ltr'>Pos-</span> 
     </span>
     <span class='ocr_line' id='line_1_25' title="bbox 295 3187 1290 3274; baseline 0.003 -25"><span class='ocrx_word' id='word_1_200' title='bbox 295 3207 401 3253; x_wconf 89' lang='lat' dir='ltr'>sumus</span> <span class='ocrx_word' id='word_1_201' title='bbox 413 3187 506 3253; x_wconf 87' lang='lat' dir='ltr'>etiam</span> <span class='ocrx_word' id='word_1_202' title='bbox 522 3188 684 3272; x_wconf 88' lang='lat' dir='ltr'>pervitam</span> <span class='ocrx_word' id='word_1_203' title='bbox 698 3188 837 3255; x_wconf 85' lang='lat' dir='ltr'>homines</span> <span class='ocrx_word' id='word_1_204' title='bbox 846 3196 970 3256; x_wconf 88' lang='lat' dir='ltr'>sanctos</span> <span class='ocrx_word' id='word_1_205' title='bbox 982 3196 1015 3254; x_wconf 89' lang='lat' dir='ltr'>et</span> <span class='ocrx_word' id='word_1_206' title='bbox 1029 3189 1165 3274; x_wconf 85' lang='lat' dir='ltr'>Angelos</span> <span class='ocrx_word' id='word_1_207' title='bbox 1177 3189 1290 3253; x_wconf 89' lang='lat' dir='ltr'>intelll-</span> 
     </span>
     <span class='ocr_line' id='line_1_26' title="bbox 296 3287 1293 3373; baseline 0.002 -23"><span class='ocrx_word' id='word_1_208' title='bbox 296 3307 379 3368; x_wconf 86' lang='lat' dir='ltr'>gere.</span> <span class='ocrx_word' id='word_1_209' title='bbox 392 3289 453 3351; x_wconf 90' lang='lat' dir='ltr'>Per</span> <span class='ocrx_word' id='word_1_210' title='bbox 464 3295 593 3353; x_wconf 86' lang='lat' dir='ltr'>mortem</span> <span class='ocrx_word' id='word_1_211' title='bbox 610 3287 762 3360; x_wconf 88' lang='lat' dir='ltr'>diabolum</span> <span class='ocrx_word' id='word_1_212' title='bbox 777 3300 810 3354; x_wconf 85' lang='lat' dir='ltr'>et</span> <span class='ocrx_word' id='word_1_213' title='bbox 825 3292 960 3354; x_wconf 89' lang='lat' dir='ltr'>membra</span> <span class='ocrx_word' id='word_1_214' title='bbox 971 3291 1054 3371; x_wconf 80' lang='lat' dir='ltr'>ejus:</span> <span class='ocrx_word' id='word_1_215' title='bbox 1071 3289 1124 3373; x_wconf 94' lang='lat' dir='ltr'>qui</span> <span class='ocrx_word' id='word_1_216' title='bbox 1136 3290 1210 3354; x_wconf 87' lang='lat' dir='ltr'>dum</span> <span class='ocrx_word' id='word_1_217' title='bbox 1223 3310 1293 3353; x_wconf 90' lang='lat' dir='ltr'>oon·</span> 
     </span>
     <span class='ocr_line' id='line_1_27' title="bbox 296 3386 1289 3469; baseline 0.003 -21"><span class='ocrx_word' id='word_1_218' title='bbox 296 3386 409 3459; x_wconf 79' lang='lat' dir='ltr'>sulum,</span> <span class='ocrx_word' id='word_1_219' title='bbox 422 3387 470 3449; x_wconf 86' lang='lat' dir='ltr'>val</span> <span class='ocrx_word' id='word_1_220' title='bbox 482 3394 717 3469; x_wconf 72' lang='lat' dir='ltr'>persequuntur,</span> <span class='ocrx_word' id='word_1_221' title='bbox 730 3390 855 3454; x_wconf 87' lang='lat' dir='ltr'>utilitati</span> <span class='ocrx_word' id='word_1_222' title='bbox 865 3407 1022 3453; x_wconf 86' lang='lat' dir='ltr'>servorum</span> <span class='ocrx_word' id='word_1_223' title='bbox 1037 3389 1095 3453; x_wconf 89' lang='lat' dir='ltr'>Dei</span> <span class='ocrx_word' id='word_1_224' title='bbox 1110 3387 1289 3456; x_wconf 85' lang='lat' dir='ltr'>inserviunt.</span> 
     </span>
    </p>
   </div>
   <div class='ocr_carea' id='block_1_3' title="bbox 717 3704 858 3746">
    <p class='ocr_par' dir='ltr' id='par_1_3' title="bbox 717 3704 858 3746">
     <span class='ocr_line' id='line_1_28' title="bbox 717 3704 858 3746; baseline 0.007 -2"><span class='ocrx_word' id='word_1_225' title='bbox 717 3704 787 3746; x_wconf 82' lang='lat' dir='ltr'>CAP.</span> <span class='ocrx_word' id='word_1_226' title='bbox 815 3705 858 3746; x_wconf 82' lang='lat' dir='ltr'>IV.</span> 
     </span>
    </p>
   </div>
   <div class='ocr_carea' id='block_1_4' title="bbox 295 3881 1287 4368">
    <p class='ocr_par' dir='ltr' id='par_1_4' title="bbox 295 3881 1287 4368">
     <span class='ocr_line' id='line_1_29' title="bbox 340 3881 1284 3968; baseline 0.005 -24"><span class='ocrx_word' id='word_1_227' title='bbox 340 3881 617 3968; x_wconf 68' lang='lat' dir='ltr'>Dispensatorem]</span> <span class='ocrx_word' id='word_1_228' title='bbox 641 3883 784 3966; x_wconf 89' lang='lat' dir='ltr'>Apostoli</span> <span class='ocrx_word' id='word_1_229' title='bbox 804 3883 1022 3966; x_wconf 89' lang='lat' dir='ltr'>dispensabant</span> <span class='ocrx_word' id='word_1_230' title='bbox 1044 3883 1192 3968; x_wconf 89' lang='lat' dir='ltr'>mysteria</span> <span class='ocrx_word' id='word_1_231' title='bbox 1210 3885 1284 3959; x_wconf 78' lang='lat' dir='ltr'>Dei3</span> 
     </span>
     <span class='ocr_line' id='line_1_30' title="bbox 295 3981 1286 4068; baseline 0.001 -20"><span class='ocrx_word' id='word_1_232' title='bbox 295 3982 371 4048; x_wconf 91' lang='lat' dir='ltr'>alios</span> <span class='ocrx_word' id='word_1_233' title='bbox 382 3981 566 4067; x_wconf 86' lang='lat' dir='ltr'>Episcopos‚</span> <span class='ocrx_word' id='word_1_234' title='bbox 592 3984 668 4048; x_wconf 88' lang='lat' dir='ltr'>alios</span> <span class='ocrx_word' id='word_1_235' title='bbox 687 3983 898 4068; x_wconf 86' lang='lat' dir='ltr'>Presbyteros‚</span> <span class='ocrx_word' id='word_1_236' title='bbox 920 3982 996 4047; x_wconf 86' lang='lat' dir='ltr'>alios</span> <span class='ocrx_word' id='word_1_237' title='bbox 1013 3983 1045 4045; x_wconf 93' lang='lat' dir='ltr'>in</span> <span class='ocrx_word' id='word_1_238' title='bbox 1070 3984 1149 4048; x_wconf 89' lang='lat' dir='ltr'>huno</span> <span class='ocrx_word' id='word_1_239' title='bbox 1164 3985 1286 4049; x_wconf 91' lang='lat' dir='ltr'>modum</span> 
     </span>
     <span class='ocr_line' id='line_1_31' title="bbox 296 4081 1286 4171; baseline 0.001 -25"><span class='ocrx_word' id='word_1_240' title='bbox 296 4083 479 4148; x_wconf 81' lang='lat' dir='ltr'>ordinantes.</span> <span class='ocrx_word' id='word_1_241' title='bbox 508 4118 541 4133; x_wconf 89' lang='lat'>-</span> <span class='ocrx_word' id='word_1_242' title='bbox 574 4085 636 4147; x_wconf 84' lang='lat' dir='ltr'>Hic</span> <span class='ocrx_word' id='word_1_243' title='bbox 640 4085 712 4170; x_wconf 85' lang='lat' dir='ltr'>jam</span> <span class='ocrx_word' id='word_1_244' title='bbox 725 4090 886 4171; x_wconf 71' lang='lat' dir='ltr'>quaeritur.</span> <span class='ocrx_word' id='word_1_245' title='bbox 898 4081 909 4168; x_wconf 86' lang='lat'>]</span> <span class='ocrx_word' id='word_1_246' title='bbox 923 4083 959 4146; x_wconf 94' lang='lat' dir='ltr'>Id</span> <span class='ocrx_word' id='word_1_247' title='bbox 978 4090 1036 4156; x_wconf 87' lang='lat' dir='ltr'>est,</span> <span class='ocrx_word' id='word_1_248' title='bbox 1057 4084 1215 4149; x_wconf 77' lang='lat' dir='ltr'>moasiona</span> <span class='ocrx_word' id='word_1_249' title='bbox 1229 4085 1286 4148; x_wconf 93' lang='lat' dir='ltr'>ho-</span> 
     </span>
     <span class='ocr_line' id='line_1_32' title="bbox 295 4184 1285 4267; baseline 0 -19"><span class='ocrx_word' id='word_1_250' title='bbox 295 4204 363 4248; x_wconf 92' lang='lat' dir='ltr'>rum</span> <span class='ocrx_word' id='word_1_251' title='bbox 375 4205 511 4248; x_wconf 87' lang='lat' dir='ltr'>meorum</span> <span class='ocrx_word' id='word_1_252' title='bbox 521 4185 694 4257; x_wconf 86' lang='lat' dir='ltr'>verborum,</span> <span class='ocrx_word' id='word_1_253' title='bbox 710 4185 820 4267; x_wconf 90' lang='lat' dir='ltr'>quibus</span> <span class='ocrx_word' id='word_1_254' title='bbox 832 4185 999 4266; x_wconf 84' lang='lat' dir='ltr'>Apostolos</span> <span class='ocrx_word' id='word_1_255' title='bbox 1013 4184 1076 4248; x_wconf 85' lang='lat' dir='ltr'>dixi</span> <span class='ocrx_word' id='word_1_256' title='bbox 1092 4186 1202 4248; x_wconf 89' lang='lat' dir='ltr'>debere</span> <span class='ocrx_word' id='word_1_257' title='bbox 1211 4185 1285 4248; x_wconf 90' lang='lat' dir='ltr'>exis-</span> 
     </span>
     <span class='ocr_line' id='line_1_33' title="bbox 297 4283 1287 4368; baseline -0.004 -18"><span class='ocrx_word' id='word_1_258' title='bbox 297 4287 397 4350; x_wconf 87' lang='lat' dir='ltr'>timari</span> <span class='ocrx_word' id='word_1_259' title='bbox 409 4294 442 4349; x_wconf 93' lang='lat' dir='ltr'>ut</span> <span class='ocrx_word' id='word_1_260' title='bbox 458 4285 693 4368; x_wconf 83' lang='lat' dir='ltr'>dispensatores.</span> <span class='ocrx_word' id='word_1_261' title='bbox 715 4283 832 4362; x_wconf 77' lang='lat' dir='ltr'>Quaerit</span> <span class='ocrx_word' id='word_1_262' title='bbox 846 4283 965 4365; x_wconf 86' lang='lat' dir='ltr'>aliquis,</span> <span class='ocrx_word' id='word_1_263' title='bbox 984 4284 1052 4366; x_wconf 91' lang='lat' dir='ltr'>quis</span> <span class='ocrx_word' id='word_1_264' title='bbox 1063 4285 1141 4347; x_wconf 90' lang='lat' dir='ltr'>inter</span> <span class='ocrx_word' id='word_1_265' title='bbox 1156 4302 1212 4345; x_wconf 92' lang='lat' dir='ltr'>nos</span> <span class='ocrx_word' id='word_1_266' title='bbox 1224 4283 1287 4346; x_wconf 92' lang='lat' dir='ltr'>dis-</span> 
     </span>
    </p>
   </div>
   <div class='ocr_carea' id='block_1_5' title="bbox 0 0 1596 5442">
    <p class='ocr_par' dir='ltr' id='par_1_5' title="bbox 0 0 1596 5442">
     <span class='ocr_line' id='line_1_34' title="bbox 0 0 1596 5442; baseline 0 2"><span class='ocrx_word' id='word_1_267' title='bbox 0 0 1596 5442; x_wconf 95' lang='lat' dir='ltr'> </span> 
     </span>
    </p>
   </div>
  </div>
 </body>
</html>
