3184 5442
384 721 451 784 120
671 763 673 767 ψ
763 741 793 781 o.
822 741 996 783 mensurum

382 882 530 955 omnium,
555 890 587 945 et
605 901 684 944 unus
699 881 850 944 mediator
864 890 912 944 est
932 901 1035 944 causa.
1053 880 1112 943 Vel
1125 882 1166 944 ub
1190 879 1301 946 ellectu
1312 904 1382 966 pro

380 985 450 1054 bet;
471 979 545 1043 Vult
558 979 779 1042 omnersalvos
787 979 881 1066 fleri,
899 981 971 1064 quie
987 981 1119 1062 seipsum
1139 980 1224 1044 dedit
1238 982 1382 1065 redemp-

382 1083 496 1146 tionem
523 1101 578 1164 pro
606 1080 756 1144 omnibus.
788 1116 832 1129 -
865 1080 1099 1142 Testimonium.
1120 1078 1132 1165 ]
1157 1081 1382 1146 Testimonium

381 1188 472 1246 vocat
486 1201 554 1265 quae
575 1181 613 1244 de
630 1179 751 1244 Christo
766 1179 975 1264 predixerunt
989 1179 1167 1264 Prophetae;
1182 1180 1231 1243 vel
1245 1182 1327 1263 quod
1341 1181 1382 1244 de

382 1282 482 1365 seipso
499 1279 639 1344 Christus
649 1280 785 1364 protulit,
808 1279 951 1343 videlicet
969 1279 1092 1363 quando
1111 1301 1257 1362 passurus
1278 1301 1380 1344 resur-

381 1388 528 1453 recturus,
543 1387 605 1452 etc,
622 1379 763 1464 congruis
785 1378 975 1462 temporibus
987 1379 1090 1462 reipsa
1101 1387 1133 1443 et
1147 1381 1382 1460 eventuoonfir-

382 1488 499 1545 metum
512 1486 570 1543 est.
598 1515 637 1526 —
662 1477 781 1540 Mulier
791 1486 826 1539 iu
839 1477 976 1541 silentio.
994 1476 1006 1564 ]
1018 1478 1130 1542 Mulier
1144 1479 1176 1541 in
1187 1478 1306 1542 silentio
1322 1479 1383 1542 dis·

382 1601 450 1645 cere
458 1580 580 1665 jubetur
590 1602 597 1651 ;
608 1577 680 1661 quio
691 1577 764 1640 dum
774 1577 920 1661 loquitur,
936 1577 1035 1663 magis
1047 1579 1088 1641 ed
1103 1578 1254 1642 luxuriam
1265 1578 1380 1652 irritat,

383 1679 571 1743 etirritutur.
599 1713 639 1726 -
664 1675 773 1763 Neque
790 1675 951 1738 dominari·
974 1685 1007 1739 in
1024 1684 1143 1740 uirum.
1158 1677 1171 1764 ]
1187 1678 1298 1743 Mulier
1319 1698 1382 1740 non

384 1779 475 1844 debet
483 1777 805 1862 dominari,indignior
812 1776 893 1839 enim
900 1784 947 1840 est
955 1776 1385 1861 hominetutEva‚posterius

383 1879 465 1943 enirn
485 1899 577 1962 quam
596 1877 701 1941 Adam
717 1875 848 1939 formate
864 1884 925 1949 est,
942 1875 1016 1960 quie
1030 1877 1081 1940 ille
1100 1878 1195 1961 prius,
1213 1878 1293 1942 Item
1309 1878 1384 1961 quie

384 1979 535 2063 indignior
547 1985 613 2050 est;
636 1998 708 2041 nam
727 1977 853 2040 seducta
870 1984 928 2052 est,
948 1997 1016 2060 quae
1032 1999 1087 2061 per
1103 1986 1222 2062 partem
1236 1978 1384 2043 damnata
1510 2024 1513 2029 -

384 2099 440 2162 per
451 2088 570 2163 partem
586 2077 772 2141 liberabitur.
787 2075 907 2141 Dicitur
928 2076 1032 2140 Adern
1050 2098 1111 2139 non
1126 2097 1193 2140 esse
1211 2076 1385 2161 principali·

384 2188 432 2242 ter
454 2179 617 2250 seductus,
636 2178 689 2239 sed
707 2195 810 2238 amore
831 2174 979 2248 muliere,
1006 2175 1084 2240 sicut
1109 2177 1254 2240 Salomon
1273 2183 1305 2240 et
1331 2177 1382 2240 ain

386 2278 483 2342 multi.
513 2312 552 2325 -
577 2275 684 2338 Adam
701 2297 764 2336 non
780 2287 828 2336 est
841 2273 998 2337 rediretur.
1019 2274 1032 2361 ]
1046 2276 1198 2341 Seductus
1213 2277 1243 2339 in
1256 2298 1294 2340 ee
1308 2298 1342 2341 re
1351 2277 1384 2341 in

386 2397 447 2461 que
462 2376 530 2438 Eva
545 2399 551 2437 :
570 2374 760 2456 nequeenim
769 2374 818 2437 vel
831 2374 943 2451 Deum,
962 2375 1010 2438 vel
1023 2376 1083 2438 Dei
1094 2376 1223 2440 similem
1234 2398 1288 2461 pro
1298 2381 1384 2461 pomi

386 2474 571 2541 comestione
582 2471 717 2538 firturum
732 2494 810 2550 esse,
829 2495 863 2538 se
877 2475 1021 2550 credidit;
1033 2477 1264 2560 certissimeque
1279 2498 1313 2540 se
1323 2498 1384 2540 no·

385 2573 560 2639 verotmale
575 2571 686 2650 fecere,
705 2581 736 2638 et
750 2575 942 2651 menducium
954 2579 1114 2661 essequod
1130 2578 1312 2641 suadebatur
1325 2577 1384 2641 sibi

386 2673 561 2748 omuliere;
582 2673 637 2738 sed
656 2682 820 2758 utrumque
839 2697 929 2760 posse
947 2677 1012 2740 fieri
1030 2677 1229 2752 existimavit,
1246 2685 1278 2741 et
1292 2677 1383 2740 uxori

387 2795 450 2840 suae
464 2795 580 2838 morem
598 2795 715 2860 gerere,
740 2782 772 2839 et
791 2775 909 2858 peracti
930 2775 1052 2841 sceleris
1076 2786 1145 2840 actu
1162 2775 1343 2860 poenitentia
1362 2799 1385 2840 e

386 2877 455 2940 Deo
470 2895 560 2959 posse
581 2875 703 2939 veniam
720 2874 869 2940 obtinere.
883 2875 988 2939 Minus
1002 2897 1075 2961 ergo
1089 2876 1239 2960 peccavit,
1254 2874 1305 2959 qui
1319 2897 1385 2960 poe-

388 2975 504 3040 nitendi
515 2974 713 3040 intentionem
727 2974 842 3050 hebuit,
857 2995 950 3058 quom
958 2995 995 3038 ee
1006 2995 1075 3058 quoe
1082 2995 1182 3058 neque
1190 2975 1228 3038 de
1234 2974 1386 3058 poeniten-

388 3076 444 3152 tie,
457 3096 556 3160 neque
567 3076 605 3139 de
615 3075 706 3140 venie
714 3075 745 3137 in
757 3073 1006 3159 praevaricatione
1017 3074 1132 3158 aliquid
1140 3073 1288 3159 cogitavit
1302 3096 1309 3147 ;
1327 3075 1386 3138 sed
1457 3086 1459 3091 ’

388 3176 488 3240 Deum
507 3177 634 3260 Deoque
657 3176 786 3240 similem
806 3176 909 3258 potius
928 3196 981 3258 per
1000 3174 1235 3239 inobedientium
1260 3195 1293 3237 se
1317 3172 1386 3238 fore

390 3277 588 3341 existimavit.

813 3569 883 3610 cnP.
910 3569 954 3608 111.

438 3771 675 3855 Episcopatum.
695 3767 922 3854 ]Episeoputus
938 3777 1090 3851 estsuper
1109 3790 1195 3833 suam
1209 3777 1242 3833 et
1256 3769 1387 3834 oliorum

391 3869 487 3935 vitum
501 3867 639 3945 intentio,
655 3871 737 3952 quod
751 3870 805 3953 qui
819 3868 985 3944 desideret,
1000 3871 1111 3932 bonum
1127 3890 1204 3953 opus
1217 3869 1383 3935 desideret.

394 4005 434 4018 -
462 3966 559 4031 llutos
580 3967 716 4054 oxortu]
731 3969 767 4033 Id
788 3977 847 4043 est,
869 3969 921 4052 qui
934 3988 1027 4032 unam
1044 3976 1163 4033 tentum
1182 3989 1310 4032 uxorem
1329 3969 1388 4034 ha·

393 4068 491 4134 buerit
504 4069 553 4131 vel
573 4067 605 4130 in
620 4066 697 4131 laica
714 4088 856 4152 persone,
872 4069 921 4132 vel
937 4069 969 4130 in
984 4068 1128 4152 gradibus
1142 4069 1242 4133 licitis.
1271 4103 1311 4118 -
1335 4067 1388 4130 Si-

393 4177 463 4259 quis
483 4180 586 4231 autem
607 4166 714 4230 domui
726 4190 801 4246 suoe,
819 4181 876 4233 ete.
891 4168 903 4255 ]
916 4170 1000 4233 Telis
1022 4169 1113 4233 debet
1130 4169 1212 4254 eligi,
1233 4169 1286 4253 qui
1308 4169 1388 4235 sciat

393 4270 495 4335 domui
507 4291 568 4333 suae
583 4289 710 4351 praeesse
726 4295 731 4333 :
745 4270 864 4334 nescius
876 4273 955 4334 enirn
970 4271 1103 4344 minoris,
1121 4271 1240 4354 ignoret
1254 4268 1381 4354 majore.
