3184 5442
475 712 592 755 cuossm
616 713 649 754 ru
673 713 721 753 ur.
747 714 788 754 nn
812 712 957 755 courum.
1178 696 1220 758 73

224 852 374 917 tenebris.
392 852 403 939 ]
417 853 510 917 Ratio
525 875 578 917 cur
597 854 785 938 praediceret,
802 854 946 922 videlicet
968 855 1127 920 scientiam
1141 879 1221 941 prae·

223 953 352 1018 dicando
363 952 449 1016 dedit
463 952 523 1016 illis
535 954 631 1027 Deua.
658 990 702 1001 -
725 953 885 1016 Habemus
905 955 1098 1018 thesaurum.
1115 956 1221 1042 ]The-

222 1074 347 1117 saurum
370 1052 519 1117 claritatis
537 1052 671 1117 scientiae
684 1055 745 1118 Dei
769 1053 843 1118 dicit
861 1055 1031 1138 Apostolus
1049 1055 1161 1119 habere
1189 1057 1221 1119 in

220 1154 350 1218 terrenis
376 1153 567 1237 corporibus;
592 1159 627 1217 ut
653 1155 775 1237 quaudo
798 1154 913 1237 aliquid
934 1155 1086 1219 subtiliter
1109 1164 1217 1240 agrmt,

220 1253 329 1318 virtuti
349 1251 411 1317 Dei
443 1252 612 1336 imputent,
643 1274 703 1316 non
730 1253 800 1318 sibi.
825 1291 869 1302 -
893 1254 1046 1318 Eumdem
1073 1263 1220 1341 spiritum

171 1360 177 1371 “
212 1353 312 1439 fidei.
332 1351 344 1440 ]
360 1353 458 1432 Quasi
481 1353 549 1437 quis
571 1352 653 1418 dicat
667 1377 673 1416 ε
689 1375 742 1418 cur
760 1354 917 1437 patimiuit
935 1356 1026 1434 Quia,
1047 1355 1157 1438 iuquit,
1182 1356 1221 1419 de

221 1454 290 1518 Deo
302 1453 466 1537 loquimur.
485 1453 548 1518 Cur
557 1474 630 1538 ergo
642 1453 816 1536 loquiminit
827 1453 908 1533 Quia
923 1455 1073 1518 credimus
1086 1454 1117 1517 iri
1128 1475 1198 1518 eum
1211 1479 1217 1514 :

222 1574 329 1617 omnes
341 1554 421 1617 enim
442 1554 571 1619 fideliter
592 1554 624 1616 in
647 1574 717 1617 enm
733 1555 909 1630 credentes,
929 1554 1093 1638 loquuntur
1106 1556 1145 1618 de
1160 1576 1216 1618 ec:

221 1653 368 1737 scriptum
379 1654 459 1717 enim
475 1655 513 1718 de
527 1653 643 1728 David,
658 1653 731 1737 quia
741 1660 870 1737 propter
880 1655 935 1717 hoc
946 1655 1065 1719 locutus
1075 1663 1133 1730 est,
1147 1655 1220 1738 quia

125 1820 131 1829 ,
222 1752 655 1837 credidit1quidindetNos
676 1754 788 1836 inquit,
809 1754 958 1817 habemus
977 1756 1117 1839 spiritum
1135 1756 1218 1830 fidei,

222 1873 313 1937 quem
339 1854 445 1917 habuit
464 1854 580 1918 David.
607 1889 649 1902 -
678 1853 796 1916 Omnia
812 1866 949 1939 propter
973 1877 1047 1917 vos.
1062 1854 1220 1940 ]Exp0nit

223 1955 376 2036 quomodo
388 1955 611 2019 constituentur
630 1956 661 2018 in
680 1954 776 2029 cretis,
791 1953 894 2017 omnia
915 1955 995 2017 enim
1012 1970 1136 2038 propter
1150 1975 1217 2030 vos,

222 2060 257 2118 ut
267 2061 375 2118 vestro
389 2055 529 2138 exemplo
541 2055 651 2140 gratia,
666 2056 699 2119 id
713 2061 777 2128 est,
791 2055 868 2118 fides
880 2060 984 2118 vestra
1002 2054 1136 2117 abundet
1151 2074 1219 2117 cum

222 2153 390 2238 gratiarum
407 2155 573 2229 actione,e
596 2154 887 2220 tsicccnstituamini
902 2154 933 2217 in
954 2154 1047 2218 coelis.
1074 2190 1114 2203 -·
1143 2151 1221 2215 Om-

224 2261 279 2314 nia
294 2262 378 2316 enim
387 2243 532 2340 propter.
548 2254 559 2341 ]
573 2255 686 2321 Omnia
704 2254 930 2339 enim-propter
948 2276 1005 2318 vos
1025 2253 1221 2318 instruendos

222 2353 356 2436 patimur
369 2377 375 2417 :
388 2362 423 2418 ut
437 2356 547 2440 gratia,
564 2355 596 2420 id
612 2363 673 2432 est,
696 2356 865 2452 gratianum
882 2354 974 2432 actio,
991 2355 1151 2419 abundans
1165 2374 1218 2417 ac-

218 2453 305 2517 tione
320 2454 486 2538 gratiarum
502 2454 585 2522 facta
598 2477 654 2540 per
666 2455 789 2532 multos,
806 2456 939 2520 abundet
959 2455 990 2518 io
1004 2455 1131 2541 glorium
1144 2454 1216 2518 Dei.

162 2541 166 2550 ’
224 2553 320 2630 Quasi
332 2554 457 2630 diceret,
477 2557 517 2619 ad
537 2556 594 2619 hoc
617 2556 750 2639 patimur
773 2562 808 2618 ut
832 2555 1006 2637 exemplum
1030 2553 1220 2637 patientiaea

223 2653 310 2717 nobis
331 2654 472 2731 discatis;
493 2661 525 2720 et
540 2657 608 2720 Deo
630 2656 746 2741 gratias
765 2653 920 2731 referatis
934 2663 967 2719 et
990 2655 1079 2720 multi
1097 2654 1148 2718 alii
1167 2674 1220 2717 vo·

224 2754 352 2819 hiscum.

621 3101 623 3103 ¹
659 3048 728 3089 cur.
756 3049 788 3088 v.

269 3250 476 3335 Peregrinam
490 3272 511 3310 a
526 3271 667 3334 corpore.
685 3247 799 3333 ]Quia,
817 3244 930 3327 inquit,
945 3264 1005 3307 uon
1024 3250 1126 3326 potest
1143 3243 1218 3317 fieri,

226 3359 260 3415 ut
276 3351 316 3414 ad
327 3351 428 3414 Deum
439 3370 545 3413 eamus
560 3369 696 3432 corpore,
711 3346 850 3432 eligimus
860 3345 958 3430 magis
971 3344 1104 3429 separari
1119 3365 1138 3407 a
1153 3365 1220 3408 cor-

224 3470 310 3534 pore,
323 3457 354 3514 et
366 3456 532 3532 praesentes
542 3468 608 3512 esse
620 3449 660 3511 ad
674 3449 788 3512 Deum.
812 3481 855 3492 —
879 3444 987 3507 Mente
1001 3442 1194 3506 excedimus.
1207 3443 1218 3529 ]

225 3550 332 3614 Mente
345 3550 491 3615 excedere
503 3556 570 3623 cst,
587 3547 619 3611 in
633 3547 737 3611 divina
747 3545 1002 3630 contemplatione
1014 3565 1099 3617 esse3
1116 3551 1148 3607 et
1159 3544 1219 3607 'hoc

225 3649 298 3714 dicit
311 3671 345 3714 se
359 3656 483 3734 propter
500 3649 614 3722 Deum,
633 3669 693 3711 nou
715 3654 840 3730 propter
865 3646 987 3710 laudem
1000 3644 1158 3708 hominum
1173 3643 1220 3707 la-

225 3771 303 3814 cere.
329 3786 375 3798 -
397 3749 472 3813 Sive
487 3747 587 3810 sobrii
604 3769 723 3810 sumus.
739 3746 750 3832 ]
765 3746 866 3811 Sobrii
879 3752 965 3810 erant
976 3744 1135 3828 Apostoli.
1152 3765 1221 3808 cum

226 3851 265 3914 ab
284 3850 337 3914 illa
351 3848 511 3914 altitudine
528 3849 661 3913 coelestis
682 3846 946 3930 contemplationis
964 3844 1161 3908 discedebant
1184 3843 1224 3906 ad
1266 3925 1272 3938 ι

227 3948 425 4013 ordinandam
446 3947 543 4012 vitam
568 3948 782 4028 subjectorum.
807 3947 853 4010 ut.
868 3944 926 4010 hoc
950 3944 1023 4008 dicit
1046 3964 1080 4008 se
1101 3949 1224 4027 propter

226 4047 391 4112 utilitatem
403 4048 607 4134 subjectorum
622 4046 731 4122 facere,
748 4067 810 4111 non
829 4052 953 4129 propter
973 4045 1139 4108 humanam
1155 4040 1222 4125 glo-

226 4146 313 4209 riam.
345 4184 385 4196 -
408 4146 515 4209 Sobria·
541 4170 659 4210 sumus.
680 4146 767 4232 ]Pr0
794 4146 900 4221 vobis,
926 4144 1043 4228 inquit,
1072 4141 1219 4215 facimus,

228 4245 351 4330 quiade
372 4247 458 4311 vobis
474 4246 561 4330 quasi
579 4248 819 4311 commendando
844 4268 910 4322 vos,
930 4244 1094 4328 loquimur.
1110 4240 1223 4305 Omnia
