3184 5442
495 740 613 782 ocosse
636 741 669 782 in
693 741 743 782 ee.
769 742 810 782 au
834 742 948 784 entire.
1158 725 1220 788 107

229 917 269 932 -
293 881 385 945 Sicut
407 891 437 940 et
461 877 540 940 milti
556 878 681 964 justum
707 891 765 942 est.
785 877 797 964 ]
820 879 917 956 Quasi
941 879 1081 947 diceret:
1099 883 1227 949 Gratias

227 1004 282 1069 pro
301 980 390 1046 vobis
411 999 482 1064 ugo.
505 978 607 1042 Deum
629 997 694 1042 oro.
720 979 770 1042 De
787 980 876 1043 vobis
897 979 974 1043 bene
993 982 1128 1057 confido,
1148 984 1227 1049 sicut

226 1083 342 1168 justum
355 1085 403 1144 est
414 1077 490 1142 mihi
500 1078 540 1141 de
553 1078 642 1142 vobis
658 1078 717 1143 hoc
731 1079 856 1156 sentire,
873 1080 905 1143 id
919 1088 978 1160 θεῖ,
993 1081 1038 1145 ita
1052 1082 1141 1146 velle.
1160 1085 1227 1149 Ex-

229 1183 447 1268 ponitcausam
459 1202 468 1244 ε
480 1181 511 1242 E
512 1204 531 1242 o
542 1179 628 1267 quod
630 1231 636 1250 ,
651 1180 761 1264 inquit,
777 1178 910 1243 babeam
921 1204 983 1245 vos
995 1189 1029 1245 tn
1040 1182 1153 1262 corde;
1163 1184 1228 1248 sive

229 1281 365 1354 vinctus,
383 1280 449 1344 sive
471 1277 654 1354 defendens,
672 1278 738 1343 sive
758 1281 941 1343 confirmans
955 1282 1174 1367 Evangelium;
1194 1291 1230 1348 ut

230 1400 336 1447 omnes
345 1381 414 1445 sitis
423 1380 495 1444 socii
506 1379 610 1466 gaudii
619 1380 693 1452 mei,
704 1379 736 1444 id
747 1387 807 1456 est,
822 1381 908 1464 regni
919 1381 1059 1447 coelestis.
1086 1419 1125 1433 -
1151 1383 1230 1448 Sine

231 1487 354 1568 timore.
367 1479 379 1566 ]
392 1478 543 1544 Videntes
554 1479 605 1542 alii
616 1478 801 1562 Apostolum
812 1479 844 1542 iu
855 1479 984 1544 vinculis
995 1500 1055 1545 non
1070 1483 1228 1548 timentem

231 1580 358 1644 verbum
367 1578 424 1642 Dei
435 1578 517 1662 loqui
530 1578 784 1643 abundantiorem
796 1578 984 1643 audientiam
991 1584 1152 1648 sumebant
1164 1582 1230 1649 sine
1302 1656 1310 1673 .

232 1681 341 1745 timore
356 1678 441 1762 loqui
459 1680 585 1741 verbum
601 1678 677 1752 Dei,
698 1699 767 1742 oum
783 1678 843 1761 ipsi
858 1699 920 1741 non
937 1691 1039 1746 essent
1058 1683 1161 1748 vincti.
1186 1722 1230 1734 -

231 1779 368 1867 Propter
380 1778 544 1841 invidiam.
559 1776 637 1863 ]Vel
651 1799 691 1841 ne
705 1778 877 1862 Apostolus
892 1779 975 1843 solus
987 1780 1229 1867 videreturprae-

233 1879 360 1945 dicator,
374 1877 435 1943 Vel
443 1877 664 1942 contendentes
673 1897 706 1940 se
718 1897 893 1960 pressurum
905 1879 1054 1943 suscitare
1065 1881 1228 1966 Apostolo.

233 2016 277 2032 -
301 1979 357 2042 Ex
371 1983 572 2040 contentione
591 1975 750 2039 Christum
764 1984 975 2040 annunciant.
990 1976 1002 2064 ]
1016 1980 1126 2064 Neque
1137 1982 1232 2046 homi-

233 2101 289 2146 nes
301 2080 485 2146 reducebant
496 2078 537 2141 ad
545 2077 724 2141 memoriam
734 2077 810 2140 illud
823 2086 949 2162 propter
964 2080 1047 2162 quod
1061 2081 1232 2166 Apostolus

233 2181 439 2246 incarceratus
457 2187 542 2252 erut,
556 2184 592 2241 ut
611 2176 680 2241 ideo
700 2178 799 2261 magis
819 2178 1009 2261 punirentur.
1037 2217 1078 2229 -
1102 2183 1230 2246 Existi-

235 2292 366 2343 mantec.
379 2277 628 2364 ]Vituperabant
636 2275 804 2353 Christum,
816 2282 852 2340 ut
863 2277 961 2362 magis
968 2279 1126 2362 puniretur
1132 2283 1234 2367 Apos-

234 2379 332 2454 tolus,
352 2378 405 2462 qui
415 2377 503 2462 ligari
515 2397 548 2440 se
559 2397 669 2460 passus
680 2385 729 2442 est
738 2386 865 2462 propter
876 2379 969 2443 talem
985 2381 1161 2447 Dominum.
1191 2420 1231 2434 -

235 2478 305 2542 Scio
315 2485 410 2541 enim.
424 2476 712 2563 ]Vituperationem
724 2476 818 2541 etiam
829 2479 1072 2545 adversariorum
1086 2484 1117 2563 in
1130 2482 1233 2548 Cbn‘s

236 2583 302 2641 tum
316 2575 484 2663 jaculatam
504 2575 663 2658 pervenire
683 2575 740 2640 sibi
761 2575 835 2641 dicit
856 2576 887 2640 in
906 2577 1055 2654 salutem,
1081 2580 1154 2663 quia
1172 2602 1233 2664 quo

237 2677 336 2762 magis
349 2681 475 2759 propter
488 2694 558 2737 eum
573 2673 700 2759 punitus
711 2681 777 2749 est,
795 2695 833 2738 eo
847 2676 979 2760 amplius
993 2686 1165 2742 coronatur.
1192 2717 1232 2730 -
1315 2683 1317 2686 ’

236 2776 277 2839 In
292 2774 377 2844 nullo
395 2772 588 2860 confundar.
603 2772 719 2859 ]Quod
735 2781 836 2850 esset,
852 2775 878 2839 si
896 2777 935 2839 ab
954 2776 1087 2861 incoepto
1098 2778 1234 2844 destitis-

237 2897 320 2949 sem;
335 2875 383 2941 vel
399 2875 425 2938 si
440 2874 523 2957 quod
536 2894 626 2957 spero
641 2895 701 2938 non
717 2873 877 2939 habiturus
892 2895 1001 2939 essem.
1030 2912 1071 2925 -
1098 2875 1236 2962 Quodsi

238 2981 346 3037 vivere
361 2981 395 3035 in
410 2995 518 3037 carne.
533 2971 545 3058 ]
560 2973 714 3052 Quamdiu
731 2974 763 3036 in
778 2994 870 3038 carne
879 2994 1008 3057 possum
1020 2977 1165 3059 proficere
1178 2977 1234 3041 ali-

238 3075 321 3158 quid¹
336 3074 444 3159 ignoro
458 3072 531 3156 quid
542 3073 654 3158 eligam
669 3094 723 3137 seu
734 3073 811 3136 mori
822 3092 877 3136 seu
892 3072 996 3136 vivere
1010 3095 1019 3136 ι
1037 3073 1096 3138 etsi
1109 3076 1190 3138 enirn
1204 3077 1235 3140 in

238 3192 330 3239 carne
348 3172 424 3237 nihil
443 3172 590 3256 prodesse
607 3191 751 3256 possem,
771 3170 856 3235 haud
876 3170 1002 3236 dubium
1017 3171 1090 3256 quin
1107 3183 1236 3240 mortem

239 3273 393 3360 eligerem.
418 3307 463 3320 -
491 3270 581 3335 Idem
605 3269 984 3358 commutamnus]
1010 3272 1141 3352 Quando
1163 3282 1237 3341 tunc

240 3372 318 3438 dixit
328 3371 510 3439 Pithouissoe
521 3370 672 3455 Philippis
685 3368 787 3436 futura
802 3369 977 3456 pmdicare.

672 3691 741 3735 CAP.
768 3690 804 3735 11.

286 3879 355 3941 Hoc
379 3885 462 3940 enim
483 3885 608 3942 sentite.
624 3878 684 3965 ]ld
702 3886 766 3954 est,
789 3877 993 3942 humilitatem
1012 3884 1044 3942 et
1057 3878 1237 3944 charitatem

243 3977 329 4062 (quae
351 3978 479 4042 aliorum
503 3987 576 4044 sunt
598 3978 786 4063 quaerentesl
811 3980 922 4043 habete
945 3980 977 4042 in
991 3979 1079 4043 vobis
1104 3999 1182 4063 quas
1206 3978 1238 4041 in

241 4076 363 4142 Christo
377 4077 487 4152 fuisse,
504 4084 537 4142 et
551 4080 633 4161 quod
649 4079 806 4144 Christum
821 4077 928 4144 fecisse
942 4079 1045 4144 scitis:
1064 4080 1153 4158 Quod
1167 4086 1234 4153 θεῖ,

242 4176 311 4239 Hoc
325 4185 439 4241 sentito
462 4185 495 4239 tn
519 4177 629 4253 vobis,
649 4193 709 4243 etc.
735 4216 779 4228 —
802 4178 877 4242 Non
892 4187 1050 4265 rapinum.
1067 4178 1239 4264 lQuisquis

243 4277 405 4342 arbitratur
422 4300 455 4342 se
470 4298 537 4342 esse
554 4280 635 4362 quod
649 4301 708 4343 non
723 4287 785 4355 est,
805 4279 1029 4363 quodammodo
1043 4277 1073 4340 in
1090 4277 1157 4360 ipsa
1183 4299 1238 4341 suu
