3184 5442
551 716 759 759 aerumnarum
783 715 850 755 srva
876 713 1034 754 orxnoous.
1223 690 1289 754 ‘259

294 865 360 948 eJ'us
371 879 462 942 super
475 858 579 922 omnia
593 879 686 940 opera
701 860 766 942 ejus
778 907 784 927 ‚
803 856 855 938 qui
869 875 928 916 non
947 854 1031 917 venit
1049 874 1158 917 vocare
1168 855 1287 939 justos,

294 963 349 1025 sed
373 965 551 1043 peccatores
579 959 620 1021 ad
646 956 886 1040 poenitentiam:
914 974 966 1017 cur
992 974 1052 1015 non
1079 962 1127 1015 est
1149 953 1291 1019 misertus

295 1059 417 1124 eoruml
433 1095 472 1106 —
487 1058 533 1120 M.
552 1056 692 1121 Christus
704 1054 854 1137 estsuper
866 1074 919 1117 eos
934 1052 1119 1127 misericors,
1133 1054 1186 1135 qui
1197 1074 1230 1116 se
1241 1076 1291 1118 co-

296 1166 447 1244 gnoscunt
459 1157 587 1219 miseros
600 1179 608 1229 ;
624 1157 709 1240 impii
727 1164 831 1219 autem
850 1162 960 1237 putant
973 1175 1007 1217 sa
1017 1155 1133 1239 justos,
1148 1154 1216 1216 ideo
1230 1177 1290 1218 non

296 1264 387 1322 vocat
398 1277 451 1320 eos
461 1257 629 1330 Dominus,
644 1265 679 1321 ut
691 1256 817 1339 dicitur}
836 1286 848 1308 u
867 1255 938 1318 Non
954 1253 1124 1317 miserearis
1138 1253 1289 1329 omnibus,

297 1356 349 1440 qui
360 1364 524 1438 operantur
535 1356 738 1439 iniquitatem.
754 1387 766 1409 n
782 1356 825 1418 Et
840 1375 910 1418 cum
925 1354 991 1436 ipse
1009 1353 1050 1417 sit
1070 1353 1138 1434 ipsa
1147 1353 1288 1438 justitia,

298 1457 324 1519 si
338 1477 430 1539 super
442 1458 579 1520 membra
593 1457 703 1520 diaboli
723 1454 897 1519 flecteretur
908 1453 1134 1527 misericordia,
1150 1460 1231 1517 esset
1244 1453 1293 1516 in-

294 1557 407 1641 justus.
430 1557 513 1640 Ergo
531 1557 624 1642 justis
648 1564 696 1619 est
717 1554 938 1626 misericordia;
952 1553 1054 1636 impiis
1067 1574 1140 1616 vero
1156 1553 1287 1637 justitia.

298 1653 394 1717 Porro
421 1686 433 1707 u
461 1656 671 1720 miserationes
686 1659 752 1741 ejus
773 1676 864 1738 super
883 1654 985 1717 omnia
1005 1674 1097 1736 opera
1118 1654 1200 1738 ejus,
1219 1654 1291 1735 quia

299 1751 395 1815 solem
409 1773 496 1817 suum
509 1755 579 1819 oriri
590 1754 664 1819 facit
673 1756 869 1837 superbonus
880 1761 912 1816 et
925 1753 1022 1817 malos
1031 1784 1059 1830 n,
1070 1760 1103 1814 et
1113 1752 1191 1834 pluit
1201 1774 1293 1835 super

301 1871 374 1927 eos,
392 1861 424 1915 at
435 1854 533 1936 pascit
542 1875 606 1918 eos.

350 2145 400 2207 20.
423 2146 468 2208 De
479 2145 627 2209 bonorum
638 2171 659 2208 a
673 2146 767 2208 malis
779 2154 988 2208 interiectione
1000 2193 1008 2221 ,
1021 2159 1051 2206 et
1062 2145 1229 2230 multiplici
1245 2169 1294 2207 re-

304 2253 454 2307 missione
462 2260 676 2331 peccatorum.

347 2346 390 2409 D.
404 2345 536 2410 Possunt
552 2347 702 2429 aliquibus
720 2347 816 2431 signis
831 2347 993 2410 internosci
1009 2346 1078 2408 boni
1097 2353 1129 2410 et
1147 2346 1236 2409 malit
1251 2384 1290 2395 -

304 2444 350 2506 M.
364 2443 509 2509 Possunt.
527 2447 608 2511 Justi
621 2467 754 2529 namque
768 2445 826 2510 sibi
840 2447 917 2509 bene
938 2444 1064 2520 conscii,
1082 2453 1114 2509 et
1133 2446 1172 2508 de
1193 2445 1294 2510 futura

303 2565 359 2627 spe
370 2546 461 2622 certi,
480 2556 551 2610 sunt
568 2549 654 2611 vultu
672 2547 784 2612 hilares
802 2570 809 2619 ;
828 2545 1023 2610 oculi-eorum
1046 2547 1178 2628 quadam
1194 2549 1295 2631 gratia

303 2644 460 2718 micantes,
468 2645 499 2707 in
514 2645 634 2710 incessu
646 2647 787 2725 modesti,
794 2648 833 2710 de
846 2645 1032 2711 abundantia
1042 2645 1140 2709 cordis
1149 2647 1252 2711 dulces
1263 2649 1294 2710 in

303 2745 415 2806 verbis.
430 2744 507 2807 Mali
516 2745 672 2808 autem-de
684 2766 779 2828 prava
789 2745 972 2809 conscientia
986 2752 1017 2808 et
1031 2747 1130 2809 cordis
1145 2747 1293 2810 amaritu-

303 2843 374 2905 dine
388 2850 460 2906 sunt
473 2842 560 2906 vultu
570 2844 725 2919 nebuloso,
744 2853 776 2908 et
790 2845 891 2908 verbis
903 2852 935 2908 et
947 2843 1035 2908 factis
1046 2845 1219 2919 instabiles;
1233 2846 1295 2909 risu

303 2942 508 3015 immoderati,
522 2941 647 3006 tristitia
656 2943 823 3017 mordaces,
837 2943 868 3005 in
877 2943 1013 3028 ingressu
1022 2943 1226 3027 intemperati,
1241 2947 1295 3008 sci·

303 3041 386 3117 licet,
402 3042 492 3104 modo
502 3041 593 3114 tardi,
608 3043 699 3105 modo
710 3040 828 3116 sestini;
841 3064 991 3107 venenum
1007 3045 1089 3126 quod
1099 3044 1129 3106 in
1144 3047 1235 3109 corde
1245 3066 1295 3129 ge

305 3148 386 3216 rimt,
401 3162 480 3205 nunc
491 3147 615 3222 amaris,
629 3162 709 3206 nunc
720 3142 847 3226 impuris
863 3142 952 3207 dictis
965 3141 1104 3206 fimdunt.

349 3241 391 3304 D.
410 3241 446 3305 Si
458 3241 490 3303 in
506 3249 605 3305 morte
618 3241 731 3307 Christi
743 3250 871 3326 peccata
886 3251 957 3306 sunt
972 3243 1108 3314 remissa.
1126 3263 1178 3306 cur
1194 3243 1294 3326 bapti-

304 3341 425 3404 7amurl
446 3377 484 3388 -
502 3341 548 3405 M.
571 3342 703 3406 Peccata
717 3363 773 3426 per
786 3349 917 3406 mortem
933 3341 1045 3406 Christi
1062 3343 1246 3416 relaxantur,
1270 3345 1295 3405 si

305 3447 336 3500 in
350 3441 410 3503 fide
425 3441 532 3504 mortis
545 3439 659 3505 Christi
669 3442 870 3525 baptizamur.

350 3541 390 3602 D.
407 3540 490 3618 Quot
500 3541 599 3604 modis
612 3541 787 3607 relaxantur
800 3542 941 3624 peccatal
960 3579 998 3589 -
1015 3542 1063 3604 Μ.
1079 3542 1218 3625 Septem.

349 3638 391 3702 D.
406 3638 541 3717 Quibusl
557 3676 600 3686 -
619 3641 665 3703 M.
679 3640 793 3719 Primo,
805 3661 860 3724 per
871 3641 1064 3724 Baptismum
1074 3664 1080 3713 ;
1092 3643 1235 3716 secrmdo,
1245 3663 1298 3725 per

306 3739 490 3823 Martyrium
506 3763 513 3812 ;
528 3740 630 3815 tertio,
641 3761 696 3822 per
713 3738 941 3804 Confessionem
962 3749 994 3804 et
1011 3741 1242 3816 Poenitentiam,
1263 3749 1297 3804 ut

306 3837 435 3900 dicitur:
453 3867 466 3890 u
480 3836 654 3901 Confitebor
665 3839 845 3925 injustitiam
855 3860 956 3903 meam
966 3840 1109 3915 Domino,
1123 3848 1154 3904 et
1166 3848 1200 3904 tu
1211 3842 1299 3904 remi-

306 3937 373 4001 sisti
388 3936 581 4021 iniquitatem
604 3960 703 4002 meam
719 3969 731 3992 »
749 3946 878 4021 ;quarto
894 3927 974 4023 ,per
989 3939 1155 4024 lacrymas,
1172 3949 1207 4002 ut
1221 3939 1297 4004 dici-

307 4046 380 4099 tur:
405 4067 417 4089 u
431 4036 521 4100 Beati
543 4037 595 4119 qui
621 4038 740 4122 lugent,
767 4038 911 4120 quoniam
932 4039 990 4122 ipsi
1007 4041 1240 4107 consolabuntur
1256 4073 1267 4093 „
1288 4065 1295 4112 ;

307 4137 425 4220 quinto,
435 4156 491 4220 per
501 4137 737 4221 eleemosynam,
749 4144 784 4200 ut
793 4137 919 4201 dicitur:
939 4169 951 4192 u
965 4138 1051 4224 Sicut
1060 4161 1140 4223 aqua
1149 4139 1299 4224 extinguit

307 4235 424 4318 ignem,
441 4236 486 4298 ita
506 4235 699 4320 eleemosyna
721 4237 872 4319 extinguit
890 4247 1047 4320 peccatum
1068 4271 1079 4293 ··
1098 4262 1104 4311 ;
1124 4246 1222 4311 sexto,
1244 4259 1298 4321 per

1150 4343 1191 4388 17.
