3184 5442
292 724 356 785 22}
667 739 697 778 u.
726 739 903 780 minuisset
1094 717 1161 808 ffi

337 884 377 945 D.
392 882 505 945 Probo.
527 913 566 926 -
581 877 625 940 M.
645 877 681 940 Si
701 899 806 939 coram
824 892 855 940 te
872 879 1016 942 Christus
1034 890 1149 943 staret.
1170 898 1204 942 et
1223 902 1293 942 eum

293 985 457 1047 Dominum
481 980 651 1064 majestatis
669 979 778 1049 scires,
805 993 838 1041 et
862 980 974 1062 alique
993 980 1111 1043 diceret
1131 1006 1137 1039 :
1157 982 1295 1044 uterne

294 1086 381 1157 hune,
401 1090 455 1144 aut
469 1088 552 1160 totus
567 1078 697 1140 muudus
707 1079 860 1141 mterioit.
874 1081 1160 1143 interficeremur.
1178 1094 1215 1143 ut
1230 1081 1293 1142 21-

292 1203 380 1245 vates
392 1178 554 1243 mundum?

343 1282 384 1344 D.
408 1279 625 1362 Nequaquam.
643 1313 682 1324 -
699 1277 746 1340 M.
761 1279 883 1355 Quare!

336 1381 377 1443 D.
396 1379 477 1457 Quia
490 1379 555 1441 vita
570 1380 636 1462 ejus
650 1378 740 1461 longe
755 1378 874 1462 dgnior
888 1378 1062 1443 videretur.
1073 1400 1172 1461 quam
1185 1380 1293 1442 infiniti

292 1479 396 1543 mundi
412 1501 418 1540 ;
440 1487 472 1541 et
490 1477 552 1541 tale
568 1477 722 1560 piaculum
737 1477 858 1539 uiderer
875 1480 1088 1555 committere,
1100 1480 1188 1560 quod
1203 1480 1293 1541 innu-

294 1580 384 1642 meris
404 1578 524 1641 mundis
544 1597 605 1639 non
624 1586 729 1658 posset
746 1576 874 1658 expiari.
895 1613 936 1625 -
953 1578 1001 1640 M.
1024 1579 1114 1642 Sicut
1133 1601 1209 1663 ergo
1229 1580 1291 1642 vin

294 1678 407 1743 Christi
432 1678 551 1764 dignior
569 1687 617 1739 est
638 1677 762 1739 infinitis
784 1677 925 1747 mundis;
946 1679 989 1740 sic
1007 1700 1094 1741 mors
1115 1682 1185 1764 ejus
1206 1680 1292 1762 longe

298 1777 458 1861 preciosior
472 1775 528 1839 soit
543 1775 811 1839 innumerabilibus
828 1775 964 1847 mundis;
982 1788 1015 1838 et
1033 1777 1104 1838 ideo
1122 1776 1242 1840 suffecit
1255 1777 1293 1838 ad

298 1876 537 1960 redemptionem
550 1875 693 1937 omnium.

341 1977 384 2040 D.
410 1976 491 2054 Quid
503 1974 587 2037 dedit
601 1975 629 2036 ei
639 1973 734 2038 Pater
742 1997 799 2058 pro
814 1976 871 2039 hoc
882 1976 1011 2038 merito?
1027 2013 1074 2022 —
1089 1977 1138 2039 M.
1150 1978 1294 2055 Quiddn

298 2088 343 2140 rot
353 2078 397 2148 oi;
412 2098 480 2140 cum
492 2087 659 2139 suaeesent
670 2076 788 2137 omnia!
798 2077 844 2138 uti
853 2077 980 2139 dicitur:
1001 2112 1014 2126 ι
1028 2077 1101 2149 Fili,
1113 2077 1293 2139 omniameu

296 2187 348 2240 tua
362 2189 445 2240 sunt.
467 2209 479 2229 n

337 2275 377 2339 D.
403 2276 475 2339 Non
483 2276 584 2359 potuit
592 2276 659 2357 ipse
671 2277 842 2338 mercedem
854 2297 916 2338 suae
928 2277 1121 2341 mortisdnre
1129 2276 1292 2340 cuirellet!

297 2410 336 2422 -
354 2376 400 2439 Μ.
418 2374 524 2439 Potuit
538 2399 544 2436 :
559 2375 628 2436 ideo
644 2396 713 2438 eam
730 2376 815 2439 dedit
831 2376 961 2451 homini,
973 2399 1030 2460 pro
1043 2399 1106 2460 quo
1118 2378 1184 2440 haee
1195 2377 1293 2439 omnia

295 2473 452 2542 ¹dominun:
466 2472 691 2555 propassione,
707 2473 1002 2556 impassibilitatem
1024 2498 1082 2559 pro
1099 2488 1220 2553 morte,
1234 2477 1291 2538 im·

298 2571 529 2642 mortalitatem
547 2591 603 2652 pro
618 2573 876 2654 peregrinatione,
890 2575 1022 2655 patriam
1032 2588 1193 2638 aeternam.
1213 2659 1219 2665 .

341 2868 395 2930 Ὦ.
426 2867 513 2953 Quid
532 2869 570 2930 (le
593 2869 800 2933 humanitatis
815 2871 1122 2958 partibusfaetum,
1140 2871 1290 2935 dissoluta

298 2975 483 3053 composito.

346 3068 385 3133 D.
411 3070 495 3147 Quot
510 3070 600 3132 horas
614 3069 672 3134 suit
687 3071 841 3134 mortuus?
863 3106 902 3118 -
918 3071 963 3134 M.
979 3072 1204 3158 Quadraginta.

343 3170 382 3233 D.
409 3168 528 3247 Quare?
547 3206 585 3218 -
602 3170 647 3234 M.
665 3170 709 3233 Ut
720 3180 851 3252 quatuor
864 3180 968 3252 partes
980 3172 1098 3247 mundi,
1112 3194 1182 3255 quae
1192 3176 1223 3236 in
1234 3175 1291 3237 De

297 3270 402 3355 ‹sologo
414 3269 490 3353 logis
501 3279 588 3334 orant
599 3278 736 3343 mortuae,
755 3269 933 3333 vivificaret.

341 3369 383 3432 D.
402 3368 461 3446 Qui
486 3369 700 3432 crucifixerunt
720 3369 806 3431 eumd
824 3404 863 3416 -
877 3369 923 3433 M.
943 3369 1023 3448 Quia
1043 3391 1101 3454 pro
1123 3373 1241 3437 Judaeis
1264 3386 1292 3436 et

297 3467 448 3532 (tontibus
464 3468 539 3530 mori
556 3468 653 3532 voluit
668 3491 675 3531 :
689 3469 789 3532 Judaei
807 3477 936 3533 mortem
955 3472 1021 3555 ejus
1037 3472 1190 3538 oonsiliati
1204 3484 1288 3545 sunt,

297 3564 412 3649 Pogoni
425 3583 497 3626 voro
512 3566 728 3630 crucifixerunt
739 3589 820 3631 eum.

341 3664 381 3727 D.
397 3663 460 3727 Cur
472 3663 569 3748 jocuit
584 3664 615 3725 in
630 3667 767 3748 sepulcro
782 3669 860 3731 duas
872 3683 978 3733 noctes
990 3678 1021 3733 et
1033 3690 1126 3733 unum
1141 3673 1240 3736 diem!
1254 3710 1291 3724 --

298 3764 343 3826 Μ.
358 3762 436 3827 Dum
448 3769 554 3825 noctes
565 3762 737 3846 significant
749 3768 825 3830 duas
837 3776 957 3831 nostras
973 3778 1089 3832 mortes
1099 3794 1107 3844 ;
1119 3792 1213 3835 unam
1227 3794 1292 3836 core

298 3862 378 3945 poris
396 3884 402 3922 ;
422 3861 549 3923 altorum
566 3861 676 3925 onimae
691 3887 697 3925 :
713 3865 778 3928 dies
794 3867 945 3951 significat
960 3889 1047 3931 suam
1064 3878 1212 3947 mortem,
1229 3894 1292 3955 quae

299 3960 354 4023 tuit
368 3960 420 4023 lux
436 3968 608 4023 nostrorum
628 3963 790 4038 mortium,
805 3988 934 4049 quarum
949 3989 1040 4031 unam
1052 3969 1197 4044 obstulit,
1216 3972 1291 4035 alte-

299 4080 361 4121 rum
381 4058 419 4121 od
436 4059 614 4123 exercitium
640 4062 744 4126 electis
762 4066 905 4148 reliquit,
931 4089 1022 4150 quam
1045 4069 1146 4131 denuo
1169 4072 1292 4133 veniens

299 4159 525 4222 exterminabit.

348 4260 386 4324 Ι).
414 4264 481 4337 Quo
496 4259 548 4323 ivit
560 4261 660 4325 animo
673 4266 738 4348 ejus
747 4273 816 4347 post
826 4268 971 4330 mortem?
986 4305 1025 4316 —
1038 4268 1082 4330 M.
1095 4269 1130 4331 In
1141 4270 1291 4332 coelestem
