3184 5442
471 709 588 750 exossis
611 710 644 752 ru
668 710 717 750 nr.
743 709 784 751 en
807 709 951 752 coxmrrr.
1165 695 1218 759 63'

212 869 267 913 eos
281 847 397 931 uliquid
409 847 530 913 noviter
542 846 635 922 inire,
652 849 707 912 sed
721 848 824 932 potius
838 851 987 933 exemplis
1002 851 1131 918 alierum
1145 857 1208 921 Ec·

213 944 414 1012 clesierum
385 965 511 1008 vivere:
528 945 601 1026 quia
614 947 740 1009 verbum
755 946 817 1012 Dei
837 948 876 1009 ab
890 946 949 1009 illis
963 969 1023 1012 uon
1041 953 1219 1037 processit

213 1044 342 1130 quod
318 1067 345 1109 sr
369 1044 585 1128 processisset
614 1044 769 1110 tolerabile
792 1054 893 1122 esset,
914 1047 943 1110 si
964 1049 1078 1134 aliquid
1096 1058 1230 1118 novum

213 1145 367 1211 fecissent.

634 1426 705 1468 CAP.
730 1427 783 1470 XV.

265 1627 382 1693 Notum
391 1640 496 1690 autem
502 1625 608 1706 cobis,
620 1639 679 1690 etc.
690 1626 702 1713 ]
712 1627 930 1693 Dubitantibus
938 1629 1105 1699 Corinthiis
1111 1634 1150 1697 de
1159 1656 1208 1699 re-

215 1724 401 1791 surrectione
409 1723 725 1808 mortuorumprobet
734 1723 903 1807 Apostolus
912 1726 1015 1790 multis
1022 1731 1194 1812 argumenti

216 1846 288 1890 eam
300 1843 406 1889 revera
420 1844 485 1889 esse
499 1823 635 1889 futuram
652 1824 788 1889 recolens
803 1826 886 1907 quod
899 1825 959 1888 illis
970 1829 1221 1908 praedicaveram·

218 1925 328 2010 quibus
342 1923 495 1988 evidenter
508 1930 637 2007 apparet
650 1923 688 1984 de
702 1921 920 1986 resurrectione
933 1923 1133 1990 dubitandum
1147 1949 1208 1991 non

217 2047 293 2090 esse.
322 2061 363 2073 -
391 2024 485 2086 Vana
505 2034 553 2085 est
574 2022 703 2109 fides]
723 2023 832 2086 Fidem
851 2023 941 2098 dicit,
963 2044 1025 2107 que
1042 2027 1206 2090 credebant

214 2126 342 2203 peccatu
355 2118 412 2183 sibi
426 2139 494 2182 esse
508 2118 648 2193 dimissa,
665 2118 823 2200 perfidem
838 2119 1064 2184 resurrectionis
1078 2120 1201 2187 Christi

215 2219 305 2297 Quod
316 2239 377 2283 non
388 2224 447 2295 est,
463 2239 489 2280 sr
480 2216 604 2281 Christ
591 2224 641 2281 tus
652 2238 711 2281 non
727 2218 901 2282 resurrexit.
930 2217 1144 2284 -Clrristus
1159 2243 1209 2283 re-

214 2327 365 2382 surrexit.
381 2316 526 2404 ]Probat
544 2318 647 2400 Apost
634 2317 714 2381 tolus
735 2325 873 2382 mortuos
893 2340 959 2383 esse
976 2329 1206 2385 resurrecturos.

215 2417 262 2491 Si,
278 2416 389 2500 inquit,
411 2413 552 2481 Christus
570 2415 751 2490 resurrexit,
773 2423 805 2481 et
824 2417 935 2480 mortui
956 2427 1125 2502 resurgent.
1147 2420 1210 2485 Sed
1325 2483 1332 2490 .

215 2515 357 2580 Christus
374 2516 556 2589 resurrexit,
573 2535 645 2580 nem
664 2514 821 2599 scripturae
835 2517 940 2581 dicunt
954 2518 1051 2582 :Item
1068 2519 1140 2601 quia
1158 2540 1208 2582 re-

214 2609 365 2690 surrexit,
382 2636 453 2679 nam
470 2614 555 2679 visus
569 2621 634 2690 est,
651 2621 815 2701 postquam
831 2615 1012 2692 resurrexit,
1030 2616 1160 2701 Cephae,
1178 2628 1210 2682 et
1304 2680 1310 2691 ,

214 2714 291 2781 eliis
310 2714 391 2778 Item
410 2715 538 2788 iterum,
561 2712 727 2777 resurrexit
746 2713 820 2796 quia
840 2735 896 2779 vos
918 2736 988 2781 eum
1008 2720 1209 2781 resurrexisse

213 2812 396 2881 credidisu's.
410 2812 506 2891 Quasi
517 2812 653 2877 dicerent
669 2836 675 2875 :
691 2811 900 2893 Credidimus,
917 2817 970 2885 sed
985 2836 1046 2879 uon
1058 2823 1090 2880 te
1103 2816 1210 2900 prredi·
1229 2881 1231 2885 ,

214 2920 304 2979 ecrite
319 2934 326 2977 :
344 2913 421 2991 Quae
435 2932 522 2990 cure,
537 2911 650 2994 inquit,
667 2911 732 2976 sive
746 2933 820 2997 ego,
838 2913 904 2977 sive
918 2913 961 2977 illi
979 2915 1205 2999 praedicassent,

215 3033 272 3076 vos
282 3011 451 3077 credidistis
458 3031 529 3077 eum
538 3009 750 3075 resurrexisse.
762 3013 806 3075 Et
815 3012 872 3076 hoc
882 3021 929 3077 est
941 3013 1023 3095 quod
1030 3012 1103 3076 dicit
1115 3035 1122 3074 :
1134 3012 1208 3077 Sive

215 3110 296 3177 euim
310 3132 384 3197 ego,
401 3110 466 3175 sive
480 3109 523 3175 illi
538 3111 581 3175 sic
591 3110 808 3196 predicamus,
826 3110 915 3173 etsie
929 3110 1109 3174 credidistis.
1129 3111 1209 3174 Item

214 3210 336 3296 ipsum:
353 3211 389 3275 Si
400 3209 540 3274 Christus
550 3230 657 3273 revera
667 3209 849 3292 praedioetur
865 3209 938 3291 quie
950 3210 1127 3284 resurrexit,
1136 3216 1207 3274 tunc

214 3331 288 3374 vere
307 3309 455 3384 surrexit;
474 3321 505 3374 et
524 3310 551 3373 si
568 3308 733 3375 resurrexit
753 3306 786 3392 (a
804 3307 910 3392 simili)
928 3306 1107 3375 resurrectio
1125 3329 1207 3373 mor-

216 3416 337 3475 tuomm
349 3417 397 3475 est
413 3431 420 3471 t
437 3408 553 3495 quodsi
564 3416 629 3478 est,
642 3406 795 3495 quomodo
807 3406 1071 3494 quidumdicout,
1087 3420 1160 3484 etc„
1176 3416 1209 3472 el

216 3507 261 3573 sic
273 3528 334 3572 non
346 3507 462 3574 debetis
476 3507 576 3573 dicere
590 3506 841 3575 resurrectionem
856 3514 1043 3574 mortuorum
1054 3522 1115 3571 non
1129 3507 1205 3573 fore.

216 3607 512 3691 Contenderetquis.
530 3607 665 3673 Nont
617 3612 665 3673 est
668 3605 799 3695 ,inquit
813 3608 991 3675 resurrectio
1005 3614 1205 3673 mortuorum

125 3768 132 3778 ,
215 3707 259 3772 Ει
270 3706 458 3793 Apostolus:
474 3707 510 3772 Si
523 3727 583 3770 non
595 3713 643 3772 est
654 3706 833 3770 resurrectio
848 3713 1047 3787 mortuorum,
1061 3707 1093 3770 id
1107 3714 1166 3784 est,
1183 3706 1225 3770 si'

215 3804 316 3871 nullus
329 3813 516 3873 mortuorum
531 3807 563 3893 (a
574 3806 652 3893 toto)
669 3790 800 3870 surrexit
808 3827 929 3891 ,neque
940 3807 1099 3881 Christus,
1118 3825 1209 3889 quem

214 3902 384 3969 surrexisse
398 3904 578 3978 credidistis
600 3907 643 3970 Et
630 3913 700 3969 tex
718 3905 826 3967 eodem
843 3905 995 3987 sequitur,
1012 3924 1124 3967 vanam
1143 3922 1209 3969 esse

215 4002 360 4087 Apostoli
373 4005 636 4086 predicationem,
653 4025 765 4069 vanam
780 4024 848 4069 esse
863 4025 967 4073 eorum
985 4005 1087 4070 fidem.
1104 4003 1147 4067 Et
1167 4001 1209 4087 lsi

217 4099 357 4169 Christus
376 4123 436 4166 non
455 4102 630 4189 resurrexit)
647 4101 715 4167 fulsi
733 4108 829 4167 testes
847 4101 907 4170 Dei
931 4124 1053 4174 sumus;
1081 4100 1161 4183 quod
1189 4121 1208 4163 a

217 4199 367 4283 scriptura
380 4202 424 4267 sic
438 4204 565 4288 probat:
583 4202 746 4281 Quoniam,
757 4200 866 4287 inquit,
877 4200 986 4267 falsum
1001 4198 1208 4266 testimonium
