3184 5442
294 706 337 766 34
675 724 705 762 n.
732 720 907 763 caussarum

293 884 517 948 intellexerunt.
531 881 690 964 Scriptura
706 888 808 944 autem
824 899 961 942 mensam
977 885 1078 951 vocat,
1096 877 1167 959 quia
1178 878 1292 942 intelli-

294 985 434 1070 gentibus
446 981 533 1067 panis
545 989 592 1045 est
603 982 721 1044 animae.
752 1015 792 1027 -
816 977 970 1066 Nunquid
981 985 1030 1039 sic
1042 975 1260 1064 offenderunt.
1280 978 1292 1063 ]

294 1085 363 1158 An,
381 1083 496 1166 inquit,
513 1088 673 1163 peceatum
692 1092 814 1152 eorum,
835 1079 1045 1142 tantummodo
1066 1087 1225 1160 operatum
1244 1088 1293 1141 est

294 1205 398 1247 casum
414 1184 522 1247 animae
536 1202 651 1245 eorum.
681 1215 721 1228 -
750 1178 789 1242 Ut
804 1178 876 1240 illos
889 1177 1083 1240 aemulentur.
1102 1177 1195 1263 ]Hoc
1210 1199 1293 1261 saepe

294 1283 407 1348 factum
425 1292 488 1359 est,
503 1291 535 1346 et
552 1279 672 1365 plenius
692 1282 745 1343 fiet
765 1280 796 1341 in
819 1281 879 1342 fine
899 1279 1000 1342 saeculi
1022 1301 1028 1339 :
1049 1279 1171 1361 quando
1191 1280 1291 1342 Judaei

295 1383 485 1447 Christianos
501 1387 722 1464 persequentur
741 1379 771 1440 in
790 1380 851 1441 fide
867 1379 991 1442 Christi.
1010 1379 1121 1444 Potest
1134 1379 1227 1443 etiam
1244 1381 1292 1441 in-

296 1483 390 1566 telligi
409 1492 444 1545 ut
459 1481 578 1544 Gentes
598 1480 722 1557 Judaeos
739 1479 936 1550 aemulentur,
955 1478 988 1540 id
1006 1486 1071 1552 est,
1090 1488 1125 1542 ut
1148 1481 1289 1558 credant,

296 1582 373 1646 sicut
384 1587 416 1644 et
430 1580 489 1664 ipsi
504 1578 679 1645 credebant.
696 1577 757 1640 Vel
773 1583 809 1640 ut
820 1577 880 1640 Dei
896 1577 1088 1641 aemulatione
1106 1579 1186 1645 circa
1199 1600 1293 1661 opera

295 1702 398 1744 eorum
419 1678 500 1743 mala
520 1685 710 1740 moveantur.
737 1712 776 1724 -
805 1675 947 1760 Quodsi
964 1676 1112 1740 delictum
1132 1677 1293 1762 illorum]

295 1780 448 1843 Delictum
461 1780 482 1841 J
483 1779 638 1841 udaeorum
649 1775 760 1841 ditavit
772 1777 918 1840 mundum
935 1800 941 1839 :
957 1777 1029 1860 quia
1043 1777 1102 1840 nisi
1115 1776 1174 1860 ipsi
1188 1779 1294 1843 Domi-

296 1902 369 1944 num
380 1880 616 1952 crucifixissent;
632 1898 707 1942 crux
718 1878 844 1953 Christi,
860 1887 891 1940 et
903 1878 1093 1951 resurrectio.
1111 1887 1143 1941 et
1157 1879 1293 1942 ascensio

299 1984 365 2069 ejus
380 1981 559 2065 predicata,
575 1987 607 2043 et
622 1978 738 2043 credita
756 1979 788 2040 in
807 1979 920 2042 mundo
934 1999 995 2041 non
1009 1990 1099 2041 esset.
1124 2013 1165 2025 -
1189 1979 1291 2041 Dimi-

300 2089 389 2146 natio
399 2104 518 2143 eorum.
533 2080 544 2164 l
560 2078 800 2142 Diminutionem
814 2078 989 2141 Judaeorum
1000 2086 1091 2142 vocat
1102 2078 1289 2161 Apostolos:

300 2182 372 2263 quia
386 2181 445 2243 illis
459 2177 683 2243 discedentibus
699 2178 738 2240 ab
756 2177 934 2242 infidelitate
953 2198 1057 2240 eorum
1075 2201 1081 2239 :
1100 2177 1228 2260 populus
1244 2177 1295 2240 ille

299 2281 329 2342 in
343 2300 399 2342 sua
409 2278 586 2344 infidelitate
598 2277 775 2358 persistens,
789 2298 829 2339 ex
839 2278 971 2359 quadam
983 2285 1070 2360 parte
1081 2278 1193 2342 mansit
1203 2278 1294 2341 dimi·

299 2385 403 2442 nutus
421 2415 465 2426 -
484 2377 611 2461 Quanto
624 2377 909 2462 nzagisplerritudo.
925 2377 1294 2462 ]PlenitudoJudae0rum

300 2478 352 2559 qui
367 2479 398 2540 in
413 2479 472 2540 tine
491 2477 595 2541 mundi
613 2477 757 2540 credituri
771 2485 857 2549 sunt;
876 2477 1009 2540 maxime
1028 2477 1139 2543 ditavit
1154 2478 1291 2551 Gentes;
1322 2499 1324 2501 ’

301 2577 372 2660 quia
387 2578 527 2660 exemplo
539 2598 643 2639 eorum
656 2586 828 2658 provocatae
842 2569 1055 2642 convertentur
1070 2580 1111 2641 ad
1124 2577 1289 2643 Christum.

301 2713 345 2725 -
368 2677 406 2741 Si
420 2676 572 2763 quomodo
587 2677 633 2739 ad
641 2676 865 2740 aemulandum.
884 2677 895 2763 ]
911 2678 1007 2756 Quasi
1022 2679 1155 2744 diceret:
1170 2680 1296 2744 Judaeos

301 2797 378 2859 quos
391 2777 583 2860 praedicando
600 2778 640 2840 ad
654 2776 811 2843 Christum
823 2787 1001 2843 convertere
1014 2800 1075 2842 non
1085 2801 1207 2861 possum
1218 2803 1225 2851 ;
1241 2778 1295 2842 ho·

301 2897 374 2942 nore
383 2878 492 2942 saltem
503 2898 631 2961 quovos
640 2876 766 2951 honoro,
785 2877 823 2940 ad
836 2878 1020 2941 credendum
1034 2877 1156 2943 Christo
1165 2878 1295 2943 invitare

302 2980 442 3042 conabor.
457 3014 501 3024 -
512 2976 623 3041 Salvos
622 2974 752 3063 facicm
764 2975 897 3062 aliquos.
912 2976 1016 3062 ]Quid
1025 2979 1064 3043 ad
1075 2986 1107 3044 te
1117 2980 1155 3042 de
1164 2981 1185 3042 J
1186 2980 1291 3054 udas,

302 3099 370 3142 cum
384 3078 554 3162 Apostolus
575 3075 722 3141 Gentium
743 3077 802 3140 sisl
823 3077 903 3141 Volo
927 3078 1073 3142 honorare
1095 3078 1295 3143 ministerium

302 3199 423 3244 meum:
440 3179 521 3261 quod
543 3178 664 3261 quidem
686 3176 885 3241 honoraretur
901 3178 926 3241 si
942 3179 963 3240 J
965 3178 1040 3241 udaei
1056 3179 1227 3248 crederent:
1242 3179 1295 3262 qui

302 3278 333 3339 in
348 3279 415 3361 lege
431 3277 585 3359 sapientes
599 3282 695 3340 erant.
713 3277 832 3341 Gentes
849 3284 952 3341 autern
967 3279 1053 3361 quasi
1070 3279 1155 3343 stulti
1170 3286 1295 3361 reputa·

302 3376 412 3437 bantur
425 3383 457 3437 et
470 3375 607 3448 mobiles,
626 3376 698 3456 quia
713 3382 774 3438 tam
789 3376 851 3439 cito
865 3377 1029 3441 credebant
1044 3400 1050 3437 :
1067 3381 1149 3459 quod
1163 3378 1221 3442 illis
1233 3399 1296 3443 non

302 3473 536 3555 exprobraretur
547 3472 573 3534 si
584 3472 682 3535 Judaei
695 3475 869 3547 crederent,
888 3474 941 3556 qui
956 3475 1081 3537 stabiles
1096 3484 1128 3539 et
1142 3478 1297 3558 sapientes

303 3593 370 3635 esse
392 3571 590 3654 putabantur.
618 3606 657 3617 -
682 3569 720 3631 Sr
736 3579 820 3632 euim
837 3579 978 3634 amissio.
995 3571 1180 3663 ]·Repetitio
1201 3597 1295 3662 supe-

302 3673 390 3736 rioris
414 3671 582 3735 sententiae.
607 3671 696 3748 Quod
719 3671 800 3735 enim
820 3672 958 3756 superius
977 3673 1099 3737 vocavit
1118 3673 1295 3743 diminutio-

302 3794 391 3844 nem;
415 3771 463 3834 hic
483 3777 574 3834 vocat
595 3769 801 3834 amissionem.
829 3806 869 3818 -
900 3771 979 3856 Quoe
999 3781 1179 3858 assumptio.
1201 3776 1295 3862 lAs.

302 3872 435 3955 sumptio
455 3871 630 3934 Judaeomm
654 3890 723 3932 cum
749 3871 789 3933 ad
808 3871 898 3934 fidem
921 3871 1035 3937 Christi
1060 3873 1090 3936 in
1112 3875 1172 3938 fine
1192 3880 1296 3942 mundi

301 3971 452 4053 assumpti
476 3969 605 4046 fuerint,
625 3970 691 4034 vita
711 3969 768 4034 erit
792 3992 831 4034 ex
852 3973 988 4037 mortuis.
1010 3974 1068 4038 Vel
1090 3975 1162 4058 quia
1185 3978 1297 4042 multos

303 4078 438 4134 mortuos
454 4070 606 4153 peccatis,
631 4072 770 4153 exemplo
789 4070 908 4135 illorum
923 4083 1119 4157 provocatos
1136 4078 1251 4141 invenit
1265 4079 1295 4140 in

301 4171 361 4232 fide
375 4169 503 4241 Christi;
523 4169 595 4251 quia
609 4169 700 4251 paulo
711 4175 781 4250 post
794 4176 877 4234 certe
892 4171 949 4236 erit
963 4174 1141 4238 resurrectio
1158 4184 1295 4240 mortuo·

303 4289 385 4342 rum;
404 4269 435 4332 id
454 4275 511 4342 est,
537 4270 604 4333 linis
626 4269 740 4333 mundi.
765 4306 805 4318 -
825 4271 982 4334 Delibatio
997 4287 1119 4336 mirato.
1138 4274 1149 4359 ]
1165 4276 1295 4339 Ammo-
