3184 5442
554 673 759 716 auucronnruu
783 674 851 716 srva
875 675 1031 716 ornuooua
1223 656 1287 719 237

294 813 367 877 nihil
379 810 502 876 saciant.
518 811 552 875 Si
564 818 668 877 autem
677 810 790 893 aliquid
803 818 861 884 est,
875 811 996 874 videtur
1011 832 1031 874 a
1044 812 1111 875 Deo
1127 833 1206 889 esse,
1220 835 1290 878 eum

295 913 397 978 omnia
412 911 473 975 sint
489 933 529 974 ex
542 910 609 993 ipso
622 933 629 982 ;
645 916 678 974 et
690 910 827 993 sequitur
839 911 922 994 quod
933 911 1019 975 Deus
1030 911 1070 974 sit
1085 920 1191 976 auctor
1202 914 1289 986 mali,

295 1023 327 1080 et
334 1014 447 1098 injuste
457 1032 510 1074 eos
519 1010 572 1094 qui
580 1010 638 1073 hoc
646 1007 771 1085 faciunt,
783 1010 931 1073 damnari.
949 1047 989 1058 —
1002 1010 1049 1074 M.
1061 1012 1094 1075 A
1102 1014 1170 1076 Deo
1181 1035 1291 1098 nempe

295 1121 367 1180 sunt
380 1112 493 1187 omnia,
509 1118 540 1175 et
553 1110 655 1175 omnia
666 1109 738 1174 fecit
753 1111 842 1175 valde
855 1112 955 1183 bona;
971 1118 1003 1175 et
1017 1111 1086 1174 ideo
1100 1113 1212 1178 malum
1224 1136 1293 1198 pro
1403 1118 1407 1124 ’

295 1216 387 1278 batur
396 1211 470 1275 nihil
486 1231 542 1294 per
560 1209 763 1274 substantiam
783 1230 862 1273 esse.
881 1209 994 1274 Omnia
1008 1217 1111 1274 autem
1126 1233 1194 1295 quae
1208 1215 1293 1279 Deus

295 1313 379 1387 fecit,
397 1311 579 1375 subsistunt.
593 1310 702 1376 Omnis
714 1331 788 1374 vem
799 1310 968 1374 substantia
982 1311 1062 1373 bona
1078 1318 1125 1375 est
1141 1336 1147 1374 :
1166 1316 1220 1378 sed
1231 1337 1295 1385 ma-

297 1419 361 1482 lum
375 1438 435 1479 non
453 1415 547 1478 habet
566 1413 790 1478 substantiam:
807 1435 880 1499 ergo
901 1414 1015 1477 malum
1036 1414 1111 1478 nihil
1131 1425 1187 1481 est.
1204 1419 1295 1497 Quod

297 1524 401 1582 autem
415 1515 530 1578 malum
542 1513 662 1587 dicitur,
680 1513 754 1576 nihil
770 1513 853 1578 aliud
868 1519 915 1576 est
933 1534 1025 1596 quam
1038 1514 1089 1576 ubi
1104 1536 1166 1578 non
1179 1525 1227 1581 est
1241 1521 1294 1583 bo-

297 1637 371 1680 num
386 1639 393 1676 ε
411 1616 489 1680 siout
501 1614 636 1689 coecitaS,
651 1613 703 1677 ubi
715 1634 775 1676 non
790 1621 838 1678 est
851 1613 951 1688 visus;
970 1619 1002 1677 et
1016 1616 1158 1690 tenebrae,
1171 1618 1222 1679 ubi
1233 1640 1294 1682 non

298 1723 347 1780 est
360 1716 433 1779 lux:
447 1736 516 1779 cum
528 1714 653 1778 coecitas
668 1721 700 1778 ct
714 1715 849 1778 tenebrae
862 1734 923 1776 non
936 1713 998 1777 sint
1013 1715 1199 1780 substantiae.
1211 1716 1295 1783 Nota

240 1862 245 1872 -
300 1815 446 1880 haectria.
460 1813 612 1878 Creatura
621 1812 756 1897 reposita
765 1812 1093 1896 estinpraedieamento
1103 1817 1290 1882 substantiae.

299 1916 386 1981 Nota
399 1915 464 1978 haec
476 1912 546 1977 tria.
561 1913 711 1978 Creatura
725 1912 861 1996 reposita
875 1919 922 1976 est
932 1913 964 1975 in
977 1913 1211 1996 praedicamento
1221 1920 1295 1982 sub-

300 2013 432 2080 stantia.
450 2012 630 2078 Substantia
645 2024 692 2075 est
706 2033 755 2075 res
770 2011 904 2074 omnium
917 2032 1029 2087 rerum,
1042 2013 1294 2096 praedicamento·

301 2135 368 2178 rum
383 2113 415 2176 in
431 2135 498 2177 esse
516 2133 570 2176 suo
590 2112 791 2176 considerata.
810 2111 932 2174 Natura
951 2109 1059 2174 dicitur
1079 2113 1177 2177 omnis
1194 2137 1242 2180 res
1263 2118 1295 2181 in

300 2234 369 2277 ease
383 2233 453 2288 suo,
470 2200 586 2297 praeter*
600 2233 637 2275 ea
658 2233 725 2296 quae
741 2211 914 2275 discordant
933 2211 1067 2294 aprima
1082 2214 1295 2281 constitutione
1377 2300 1379 2305 Ι

298 2312 465 2377 secundum
482 2333 554 2377 suas
574 2311 787 2376 habitationes.
808 2312 961 2375 Voluntas
980 2320 1084 2374 autem
1099 2335 1153 2377 seu
1167 2323 1291 2394 natura,

300 2432 368 2495 quae
382 2412 535 2477 discordat
549 2433 568 2475 a
582 2410 728 2476 Creatore
743 2431 805 2473 non
823 2418 961 2474 remanet
977 2419 1089 2476 natura
1103 2416 1156 2477 sed
1169 2437 1294 2499 perver-

300 2513 377 2578 sitas
390 2520 519 2582 naturae.
532 2519 562 2574 et
574 2510 638 2575 haeo
650 2511 720 2574 tahs
731 2510 841 2574 dicitur
852 2518 1023 2595 peceatum.
1036 2513 1170 2578 Faetura
1179 2519 1296 2599 species

300 2612 393 2677 estin
408 2612 534 2685 honore,
552 2609 585 2673 id
600 2616 661 2684 est,
679 2611 769 2673 homo
783 2610 815 2672 in
831 2610 966 2684 animali,
984 2610 1036 2693 qui
1049 2612 1154 2677 relicto
1165 2618 1296 2680 naturali

300 2713 382 2775 bono
396 2731 540 2794 perversa
548 2709 646 2774 utitur
655 2711 822 2774 voluntate.
838 2710 915 2773 Haec
927 2709 1030 2774 omnia
1040 2714 1205 2777 secundum
1216 2717 1295 2780 divi-

301 2833 358 2876 nos
374 2810 537 2889 anasum,
554 2818 710 2886 creatura,
728 2817 854 2885 natura,
874 2817 906 2873 et
924 2808 1051 2874 factura.
1069 2811 1236 2889 Creatura,
1262 2827 1297 2882 ut

301 2912 472 2985 elementa;
495 2914 615 2985 natura,
628 2918 662 2974 ut
672 2931 711 2973 ex
725 2910 769 2974 eis
778 2916 954 2981 nascent1a;
974 2907 1102 2985 factura,
1115 2932 1183 2995 quae
1192 2914 1294 2996 hom0‚

302 3011 351 3075 vel
360 3011 499 3098 Angelus
509 3011 599 3089 facit,
612 3011 661 3075 vel
675 3011 800 3095 patitur.
816 3011 878 3089 Qui
889 3010 1002 3074 malum
1014 3009 1129 3075 faciunt
1140 3015 1298 3096 patimrtur

302 3132 409 3196 poenas
419 3112 548 3196 peccati.
563 3113 642 3176 Haec
652 3112 740 3175 Deus
753 3132 815 3174 non
831 3111 915 3186 facit,
933 3111 989 3173 sed
1002 3111 1067 3173 fieri
1078 3113 1249 3195 permittit,
1263 3126 1297 3183 ut

303 3211 432 3276 dicitur:
454 3244 466 3265 u
481 3213 566 3276 Deus
581 3214 710 3276 mortem
725 3234 787 3276 non
802 3211 885 3275 fecit.
907 3243 920 3264 n
936 3212 1100 3275 Peccatum
1111 3217 1296 3283 autemnihil

304 3311 387 3376 aliud
399 3318 457 3388 est,
471 3334 563 3396 quam
574 3315 656 3398 quod
671 3320 857 3397 praeeptum
870 3319 918 3375 est
929 3333 992 3375 non
1003 3310 1119 3387 facere;
1134 3322 1188 3378 aut
1209 3317 1298 3384 aliter

304 3429 398 3492 quam
407 3416 593 3493 praeceptum
610 3416 658 3474 est
670 3403 767 3493 ‘agere
780 3434 786 3471 :
801 3409 878 3472 sicut
894 3429 950 3471 nec
968 3409 1082 3473 malum
1101 3418 1149 3475 est
1169 3413 1294 3498 aliquid,

305 3508 364 3571 nisi
377 3510 468 3583 bono,
487 3509 600 3582 idest,
620 3509 731 3596 gaudio
752 3529 866 3573 carere.
884 3508 974 3586 Quod
988 3510 1097 3574 saltem
1117 3515 1298 3580 vocabulum

306 3607 431 3671 habeta
452 3609 519 3672 Deo
531 3661 538 3682 ‚
550 3610 606 3673 tali
623 3610 713 3674 modo
729 3609 837 3683 habet;
853 3631 923 3674 cum
941 3610 976 3673 fit
989 3612 1142 3693 perillam
1157 3617 1299 3681 substan-

306 3706 393 3783 tiam,
410 3727 503 3792 quam
512 3707 583 3774 fecit
594 3711 690 3775 Deua
704 3713 795 3775 Juste
806 3730 880 3774 vero
889 3711 1015 3775 damnat
1026 3733 1080 3775 eos
1087 3714 1183 3790 Deus,
1199 3716 1298 3793 idest,

306 3824 366 3866 non
376 3804 430 3868 dat
442 3806 650 3890 e1sgaudium‚
666 3808 716 3893 qui
727 3829 786 3871 non
799 3806 913 3872 faciunt
928 3807 976 3870 vel
986 3808 1075 3872 aliter
1083 3807 1197 3875 faciunt
1207 3833 1299 3895 quam

307 3897 348 3962 nit
362 3909 560 3983 praeceptum.

351 3999 392 4063 D.
420 4001 496 4079 Quis
510 4011 558 4067 est
572 4013 677 4068 auctor
688 4006 825 4087 peceatil
842 4042 882 4054 -
895 4005 942 4068 M.
960 4005 1030 4090 lpse
1042 4007 1150 4083 hom0‚
1164 4008 1301 4073 incentor

307 4118 383 4161 vcro
398 4099 546 4165 diabolus.
