3184 5442
551 727 756 768 ecrcrnnmnn
780 727 848 767 srve
872 726 1026 768 omnoous.
1222 710 1284 784 281
1344 700 1348 707 ⁸

295 867 434 929 Johanne
446 867 666 950 Evangelista:
691 867 810 936 Maria,
841 888 908 949 quae
926 875 1048 950 recepto
1071 889 1196 952 corpore
1219 879 1289 953 post

295 974 424 1030 mortem
439 967 469 1029 in
485 967 612 1050 gloriam
638 974 685 1029 est
707 973 882 1049 assumpta;
901 967 1057 1029 Johannes
1078 969 1215 1051 quivero
1232 970 1290 1032 erit

296 1087 421 1150 corpore
435 1073 552 1150 raptus
571 1068 644 1129 etin
659 1068 725 1150 ipso
741 1073 831 1149 raptu
849 1066 982 1129 creditur
999 1076 1137 1132 mortuus
1155 1079 1187 1132 et
1208 1070 1289 1132 revi-

296 1167 425 1231 viscens.
442 1168 578 1251 Reprobi
592 1169 630 1230 de
652 1167 719 1251 ipso
746 1176 860 1230 terrore
882 1166 1060 1243 morientur,
1078 1183 1110 1232 et
1130 1169 1289 1234 confestim

295 1267 492 1332 reviviscent:
510 1277 542 1331 et
551 1268 608 1331 hoc
620 1275 667 1331 est
675 1268 813 1354 judicare
826 1268 912 1330 vivos
925 1275 956 1330 et
971 1275 1117 1333 mortuos.

339 1369 379 1432 D.
398 1369 572 1453 Resurgent
595 1369 647 1450 qui
668 1368 699 1431 in
723 1368 830 1432 matris
842 1376 913 1431 sunt
936 1369 1171 1434 mortuiuterisf
1188 1409 1228 1419 -
1241 1374 1288 1435 Μ.

296 1470 454 1552 Quotquot
469 1469 594 1533 vitalem
606 1470 746 1553 spiritum
760 1479 952 1552 acceperunt,
970 1479 1139 1555 resurgent.

339 1570 380 1632 D.
400 1561 469 1648 Qua
495 1578 597 1643 aetate,
612 1571 661 1632 vel
677 1570 897 1632 mensuraf-
910 1570 955 1631 Μ.
983 1570 1166 1648 Quaerant,
1193 1573 1219 1634 si
1241 1595 1290 1636 es·
1318 1619 1324 1626 -

295 1676 362 1731 sent
385 1669 511 1752 triginta
531 1690 694 1741 annorum;
718 1670 766 1731 vel
790 1668 884 1732 futuri
906 1679 1019 1742 essent,
1046 1669 1104 1733 nisi
1127 1679 1199 1735 ente
1223 1694 1289 1735 mo-

296 1777 440 1832 rorentur.

338 1871 380 1932 D.
399 1870 571 1952 Aliquando
586 1871 674 1952 lupus
696 1871 823 1932 devorat
838 1868 1009 1943 hominem,
1029 1877 1061 1932 et
1075 1891 1145 1933 caro
1160 1871 1291 1934 hominis

270 2045 272 2048 Ι
296 1971 421 2034 vertitur
435 1971 465 2032 in
482 1992 567 2033 suam
584 1991 705 2033 carnem
721 1996 726 2032 :
742 1970 847 2052 lupum
861 1990 934 2031 vero
948 1990 1049 2042 ursus,
1063 1991 1166 2033 ursum
1178 1971 1225 2034 leo
1242 1973 1292 2034 de-

294 2080 404 2134 vorant
418 2095 424 2143 ;
441 2071 594 2154 quomodo
610 2079 751 2154 resurget
763 2091 802 2132 ex
815 2069 862 2131 his
876 2069 985 2133 homof
999 2107 1039 2118 —
1054 2071 1098 2132 M.
1118 2071 1208 2147 Quod
1222 2093 1291 2135 caro

294 2169 351 2232 fuit
364 2171 512 2250 hominis,
534 2179 673 2254 resurget
685 2194 692 2242 ;
720 2171 802 2253 quod
817 2170 995 2242 bestiarum,
1019 2171 1199 2234 remanebit.
1226 2172 1293 2234 Scit

295 2269 375 2332 enim
388 2271 451 2334 haec
465 2273 542 2335 bene
559 2292 725 2345 secernere,
753 2272 805 2354 qui
817 2271 906 2334 scivit
927 2292 967 2333 ex
980 2271 1073 2334 nihilo
1100 2279 1208 2334 cuncta
1223 2293 1292 2334 oon-

295 2370 376 2433 dere.
393 2371 467 2436 Sive
478 2393 551 2456 ergo
566 2372 759 2435 membratim
784 2395 803 2434 a
824 2372 946 2446 bestiis,
962 2372 1056 2435 sivea
1073 2372 1205 2455 piscibus
1218 2425 1224 2447 ‚
1239 2394 1291 2435 seu

295 2471 500 2535 avoluoribus
514 2474 713 2547 devorentur,
732 2493 837 2535 omnes
861 2473 892 2534 in
906 2474 1125 2536 resurrectione
1145 2473 1292 2536 reforma-

294 2571 406 2635 buntur
417 2572 448 2634 in
463 2580 594 2645 tantum,
608 2582 643 2636 ut
656 2595 712 2637 neo
727 2574 854 2656 capillus
869 2575 907 2636 de
919 2575 963 2637 eis
974 2583 1091 2656 pereat.

338 2673 379 2735 D.
394 2672 428 2737 Si
443 2673 542 2756 capilli
560 2682 591 2737 et
605 2695 721 2758 ungues
733 2674 853 2757 praecisi
873 2674 903 2735 in
926 2674 1025 2736 locum
1042 2695 1130 2736 suurn
1152 2675 1290 2744 redeunt,

295 2791 394 2834 nonne
407 2771 558 2836 deformes
570 2774 675 2836 ernntf
690 2810 729 2821 -
742 2775 787 2836 M.
805 2773 876 2835 Non
901 2780 948 2834 est
964 2771 1192 2856 intelligendum
1211 2775 1292 2856 quod

296 2871 357 2934 sint
368 2872 530 2935 reducendi
541 2871 570 2934 in
584 2873 714 2955 priorem
727 2873 843 2943 locum;
858 2872 911 2933 sed
924 2871 1003 2934 sicut
1014 2871 1123 2955 figulus
1138 2872 1164 2933 si
1177 2893 1232 2934 vas
1242 2894 1293 2934 no

297 2971 375 3033 viter
387 2970 501 3036 factum
516 2972 648 3057 frangat,
666 2981 697 3036 et
713 2974 751 3036 de
765 2973 872 3035 eodem
888 2973 952 3034 luto
969 2971 1049 3034 aliud
1062 2970 1165 3049 faciat,
1177 2994 1236 3033 non
1248 2981 1294 3036 at-

297 3071 435 3145 tendens,
455 3072 529 3155 quid
542 3074 626 3154 prins
638 3094 713 3135 ansa
727 3073 774 3135 vel
787 3070 898 3134 fundus
909 3069 1014 3134 fuerit:
1030 3069 1074 3132 ite
1084 3069 1197 3133 format
1208 3073 1294 3135 Deus

295 3171 333 3232 de
347 3173 455 3255 eadem
474 3173 614 3245 materia,
631 3173 713 3234 aliud
736 3192 846 3252 corpus
864 3170 934 3232 huic
956 3170 1046 3232 valde
1070 3168 1227 3244 dissimile,
1247 3173 1295 3236 cui

296 3271 393 3332 omnis
408 3271 600 3346 deformitas,
620 3279 652 3334 et
668 3271 828 3334 infirmitas
852 3270 946 3343 absit,
965 3277 996 3331 et
1014 3268 1113 3331 omnis
1134 3269 1295 3354 integritas

296 3378 327 3432 et
341 3371 432 3434 decor
443 3372 541 3435 adsit:
556 3373 697 3455 quemvis
713 3371 951 3454 unumquodque
963 3371 1132 3432 membmm
1149 3369 1178 3431 in
1194 3371 1293 3442 locum

295 3491 382 3533 suum
394 3473 479 3536 Deus
490 3474 632 3536 decenter
646 3481 817 3535 restaurare
828 3471 937 3554 possit.

339 3572 380 3633 D.
394 3571 455 3649 Qui
466 3571 514 3635 hic
529 3572 698 3635 habuerunt
712 3570 784 3633 bina
794 3571 907 3653 capita,
920 3569 969 3631 vel
983 3570 1071 3652 plura
1083 3572 1232 3641 membra,
1246 3572 1293 3634 vel

296 3673 405 3752 quibus
420 3669 581 3734 defuerunt
599 3671 712 3754 aliqua,
727 3678 780 3733 aut
792 3670 921 3755 pingues
932 3677 987 3732 aut
998 3670 1091 3732 macri
1104 3669 1235 3747 fuerunt,
1251 3692 1296 3734 re

295 3779 421 3855 surgent
440 3772 534 3834 talesf
552 3808 591 3819 -
613 3773 659 3834 M.
680 3771 740 3848 Qui
762 3771 811 3834 hic
827 3770 999 3832 habuerunt
1019 3771 1080 3833 duo
1106 3771 1219 3854 capita,
1234 3772 1295 3834 duo

296 3870 366 3932 mde
380 3891 510 3954 corporo
527 3882 696 3957 resurgent,
712 3885 744 3934 et
754 3892 945 3954 unaquaeque
963 3871 1196 3935 unimahabebit
1207 3893 1295 3934 suum

295 3989 414 4052 corpus,
434 3971 481 4034 cui
489 3971 564 4034 nihil
580 3972 721 4035 indecens
733 3972 781 4034 vel
792 3970 928 4034 deforme
944 3971 1110 4044 adhaereat,
1126 3973 1180 4034 sed
1192 3972 1295 4034 omnio

295 4071 431 4134 membra
442 4093 516 4135 sono
534 4081 566 4135 et
587 4072 721 4155 integra,
744 4080 774 4134 et
791 4071 874 4134 omni
890 4070 1115 4154 pulchritudine
1127 4072 1221 4155 plena
1236 4071 1293 4134 hu-

295 4169 388 4232 lrebit.

251 4360 257 4367 .
339 4269 380 4330 D.
401 4271 481 4347 Quid
495 4271 591 4333 sentis
602 4271 639 4332 de
650 4272 811 4334 nlrortivisf
823 4272 922 4336 -M.
950 4272 982 4332 ln
1006 4279 1153 4351 (plantum
1173 4275 1220 4329 est
1241 4288 1291 4327 se-
