3184 5442
299 760 342 822 70
678 779 708 819 o.
734 778 908 820 murnancr

297 927 382 985 stans
401 941 473 996 vm,
502 940 564 982 non
585 919 736 998 laetificet,
764 918 823 982 nisi
850 939 907 983 vos
933 917 992 1001 ipsi
1017 918 1057 981 ad
1078 919 1292 1001 poeuiteutiam

297 1020 526 1086 contristemini.
555 1057 595 1069 -
619 1020 747 1107 Siquis
767 1032 883 1081 amem.
899 1017 911 1104 ]
925 1018 961 1084 Si
985 1018 1066 1103 quis,
1083 1019 1193 1103 inquit,
1210 1043 1292 1105 prae-

297 1119 401 1184 dioans
414 1120 605 1185 contristavit
626 1140 693 1195 me,
712 1140 773 1181 non
787 1139 838 1181 me
852 1118 1063 1183 tantummodo
1077 1117 1288 1196 contristavit,

297 1219 352 1281 sed
365 1239 421 1282 vos
433 1239 473 1282 ex
485 1226 584 1303 parte,
600 1219 632 1282 id
644 1224 702 1294 est,
721 1218 869 1301 quosdam
884 1237 923 1280 ex
934 1217 1032 1292 vobis,
1049 1223 1155 1281 utnon
1167 1238 1292 1283 onerem

297 1338 353 1380 vos
364 1339 469 1381 omnes
485 1344 492 1394 ;
506 1331 538 1384 et
555 1320 623 1383 ideo
636 1319 704 1383 dico
714 1339 771 1381 vos
782 1338 821 1380 ex
834 1323 923 1401 parte
937 1316 1143 1391 contristatos,
1161 1324 1197 1381 ut
1215 1339 1291 1382 onus

296 1417 428 1483 tristitiae
440 1440 501 1483 non
511 1421 668 1502 imponam
679 1417 818 1481 omnibus
833 1438 912 1479 :non
925 1415 1004 1480 enim
1021 1437 1127 1480 omnes
1138 1417 1290 1503 justitiam

296 1517 411 1583 sincere
422 1519 558 1604 diligitis.
571 1520 680 1584 Potest
693 1525 725 1582 et
740 1518 785 1582 ita
800 1512 943 1601 intelligi,
960 1537 1021 1579 non
1035 1537 1085 1579 me
1099 1516 1292 1583 contristavit

296 1635 334 1678 ex
360 1620 442 1691 toto,
465 1617 520 1679 sed
545 1622 703 1699 exparte.
732 1651 772 1663 -
798 1614 909 1700 Magis
930 1612 1075 1691 donetis,
1103 1626 1163 1676 etc.
1181 1613 1292 1699 ]Satis

295 1715 509 1798 comprobatm
522 1716 708 1798 Apostolum
730 1736 791 1778 non
821 1713 993 1780 contristari
1015 1734 1072 1798 pro
1095 1712 1286 1790 fornicatore,

294 1815 346 1898 qui
360 1815 457 1898 patris
471 1836 599 1880 uxorem
614 1817 757 1891 duxerat,
776 1836 817 1879 ex
839 1815 896 1879 hoo
911 1814 993 1897 quod
1015 1814 1106 1877 modo
1121 1814 1287 1900 subjungit,
1311 1837 1314 1841 ’

293 1922 327 1979 ut
339 1915 502 2000 recipiatur
516 1925 548 1981 et
559 1918 740 1981 consoletur.
769 1953 808 1964 -
837 1913 1289 2000 Utnoncircnmoeniamur.]

296 2015 334 2080 ld
347 2023 405 2093 est,
420 2026 526 2082 utnon
539 2017 581 2081 sit
602 2018 749 2082 intervos
771 2015 931 2080 discordia.
957 2052 1002 2063 -
1027 2012 1105 2077 Cum
1128 2022 1290 2102 venissem

296 2129 411 2196 autem,
429 2132 489 2180 ete.
506 2117 690 2203 ]Excusato
705 2138 739 2181 se
750 2117 834 2200 quod
853 2138 914 2180 non
936 2113 1071 2191 venerit,
1088 2121 1193 2178 narrat
1207 2115 1290 2198 quod

293 2214 377 2290 fecit,
392 2216 608 2279 commendans
620 2235 653 2277 se
667 2214 698 2277 in
713 2215 821 2278 eodem
834 2235 925 2298 opere
935 2237 943 2289 ;
955 2235 995 2277 ne
1009 2235 1065 2278 vos
1076 2213 1289 2278 contristarem

294 2333 355 2376 non
365 2314 447 2389 veni,
468 2312 546 2376 Cum
556 2325 660 2376 autem
675 2323 833 2376 venissem
847 2314 1014 2392 Troadem,
1028 2327 1088 2377 eto.
1116 2348 1155 2362 -
1184 2313 1289 2376 Titum

284 2408 549 2498 fratrem.]Titus
555 2412 612 2476 iste
619 2412 768 2497 interpres
776 2415 920 2498 Apostoli
933 2422 998 2478 erat
1009 2438 1016 2489 ;
1028 2423 1059 2478 et
1068 2415 1175 2478 horum
1185 2413 1291 2499 lingna

295 2514 467 2593 expressius
477 2512 669 2595 loquebatur,
684 2535 776 2597 quam
786 2515 967 2598 Apostolus.
996 2551 1036 2564 -·
1065 2513 1145 2576 Vale
1161 2511 1290 2596 faciens

296 2618 354 2689 ers,
372 2611 447 2698 etc]
462 2612 586 2677 Adhuc
600 2614 681 2696 quod
697 2614 1081 2699 dixitparoensvobisnon
1093 2612 1290 2679 veniCorin-

295 2711 397 2792 thum,
412 2713 468 2776 sed
482 2712 552 2776 veni
567 2713 734 2791 Troadem,
752 2714 803 2780 ubi
819 2736 869 2779 me
887 2716 1016 2779 libenter
1035 2713 1218 2778 audiebant:
1230 2713 1291 2778 hoo

297 2816 345 2874 est
353 2809 464 2875 ostium
476 2809 550 2874 mihi
561 2817 701 2894 apertum
711 2819 758 2878 est
769 2837 776 2888 ;
788 2819 821 2877 et
831 2813 875 2878 sio
886 2813 1026 2878 hortatur
1034 2819 1070 2877 ut
1084 2819 1116 2878 et
1129 2812 1181 2876 isti
1192 2811 1290 2876 liben-

297 2919 344 2974 ter
362 2910 529 2995 aecipiant,
547 2918 711 2996 postquam
725 2914 782 2979 hoo
797 2915 836 2978 de
849 2912 908 2978 illis
920 2913 1090 2978 audierunt.
1118 2949 1157 2961 -
1181 2911 1290 2974 Bonus

298 3011 387 3075 odor.
400 3010 412 3099 ]
426 3012 605 3079 Praedicatio
615 3012 739 3097 quidem
750 3015 831 3078 bona
839 3021 887 3078 est
900 3013 932 3077 in
944 3014 1097 3097 utrisque;
1110 3014 1164 3077 sed
1178 3012 1230 3096 qui
1242 3012 1291 3075 in-

297 3113 472 3180 obedientes
480 3121 563 3191 sunt,
574 3113 633 3179 illis
644 3112 685 3179 sit
695 3115 869 3198 pradicatio
881 3115 955 3179 odor
963 3114 1081 3189 mortis,
1094 3113 1126 3177 id
1140 3119 1198 3187 est,
1212 3133 1287 3196 peo-

298 3213 375 3289 oati,
401 3214 432 3278 in
462 3223 590 3279 mortem
616 3220 773 3280 aeternam.
802 3252 842 3266 -
866 3212 1133 3298 Adulteram]
1158 3213 1291 3278 Adulter

298 3333 358 3376 non
370 3314 478 3396 quaerit
491 3314 620 3396 prolem,
635 3314 690 3377 sed
702 3316 892 3380 voluntatem
907 3315 1041 3397 corporis
1055 3314 1187 3396 explere.
1200 3312 1291 3377 Tales

298 3417 369 3474 sunt
384 3411 436 3493 qui
451 3429 507 3494 pro
522 3419 640 3475 terreno
654 3416 814 3478 commodo
827 3415 954 3478 verbum
964 3413 1024 3477 Dei
1034 3413 1210 3495 praedicaut,
1229 3434 1289 3477 non

298 3514 467 3592 quaerentes
490 3509 567 3572 filios
592 3507 764 3589 spirituales
789 3530 945 3596 generare.
973 3545 1014 3559 -
1036 3511 1093 3572 Ex
1116 3511 1215 3597 Dea]
1239 3513 1291 3576 Ex

298 3607 377 3683 Deo,
390 3607 499 3690 inquit,
512 3607 663 3691 loquimur
674 3631 681 3682 ;
694 3610 765 3691 quia
776 3631 816 3674 ex
830 3612 899 3675 Deo
917 3608 1096 3692 accipimus,
1117 3611 1199 3689 quod
1209 3631 1290 3694 prae-
1320 3659 1323 3665 ,

298 3704 446 3770 dieamus.
474 3742 513 3753 -
543 3703 656 3768 Coram
667 3706 747 3770 Deo.
760 3707 771 3792 ]
784 3707 865 3787 Quia
880 3707 921 3770 illi
933 3707 1052 3790 plaeere
1067 3707 1288 3774 contendimus.

717 4017 786 4057 CAP.
814 4018 860 4059 111.

342 4191 516 4278 Iacipr'mus
529 4200 653 4269 iterum,
668 4203 728 4253 etc.
740 4193 772 4256 N
773 4214 813 4257 on
824 4216 891 4271 nos,
904 4196 1012 4279 inquit,
1025 4198 1288 4270 commendamus;

298 4293 380 4358 nulla
392 4293 472 4359 enim
483 4288 750 4359 ,commendatione
765 4292 935 4381 indigemus
945 4347 951 4372 ,
962 4296 1035 4379 quia
1048 4318 1103 4361 nec
1113 4297 1165 4361 illa
1179 4317 1247 4380 quae
1258 4300 1293 4362 fit
