3184 5442
302 693 370 756 232
691 713 721 754 u.
749 711 923 754 ruminaret

303 854 333 915 in
345 853 463 917 unitate
475 853 619 916 Ecclesia
636 851 770 935 quotidie
785 851 1007 916 communicare
1022 873 1082 916 non
1094 856 1293 934 dubitaverit,

302 953 382 1016 hunc
393 954 483 1017 credo
502 953 558 1017 hac
575 954 635 1016 fide
655 952 764 1016 salvari
782 952 808 1013 si
826 951 952 1015 obierit:
970 951 996 1015 si
1012 952 1081 1036 quis
1101 975 1176 1018 vero
1194 978 1295 1022 eorum

302 1074 395 1135 opera
406 1052 487 1115 mala
496 1073 652 1127 execrans,
668 1059 700 1115 et
711 1053 826 1114 honum
837 1050 951 1115 Christi
961 1072 1110 1116 venerans
1121 1055 1297 1140 simpliciter

301 1151 396 1215 abeis
412 1153 629 1228 communicat,
647 1161 679 1217 et
692 1153 771 1217 hunc
788 1152 879 1214 eredo
893 1150 951 1215 hac
964 1153 1023 1215 fide
1035 1153 1165 1230 salvari,
1183 1157 1256 1239 quia
1267 1165 1297 1220 et

300 1253 322 1314 J
323 1251 417 1334 oseph
433 1273 542 1336 corpus
557 1253 577 1315 J
579 1273 633 1316 esu
644 1274 663 1315 a
676 1253 777 1317 Pilato
790 1250 904 1314 infideli
918 1251 1007 1333 petiit
1020 1260 1052 1316 et
1066 1255 1196 1337 accepit.

345 1352 386 1415 D.
414 1353 548 1416 Possunt
559 1353 660 1416 Deum
672 1352 793 1436 placare
809 1372 863 1434 pro
878 1351 1006 1434 populol
1021 1387 1060 1398 -
1076 1353 1123 1416 M.
1144 1354 1210 1417 Imo
1229 1377 1294 1420 ma·

299 1451 346 1535 gis
359 1452 525 1517 offendunt.
538 1453 601 1516 Suo
613 1454 693 1516 enim
705 1454 843 1537 ingressu
858 1452 924 1515 loca
935 1459 1055 1514 sacrata
1064 1455 1292 1521 contaminant:

300 1560 402 1616 vestes
417 1574 521 1617 sacras
538 1564 569 1617 et
589 1574 664 1616 vasa
681 1554 749 1616 Deo
768 1553 870 1616 dicata
884 1572 938 1614 suo
957 1557 1041 1614 tactu
1059 1556 1291 1620 commaculant.

300 1651 369 1714 Hos
380 1653 521 1716 abhorret
531 1653 720 1737 Angelorum
739 1659 920 1724 conventum
944 1651 999 1715 hos
1014 1651 1093 1737 fugit
1106 1654 1172 1737 ipse
1186 1656 1294 1719 Domi-

299 1770 367 1828 nuS,
382 1761 417 1816 ut
429 1752 549 1816 dicitur.
570 1785 582 1806 u
597 1753 845 1816 Provocaverunt
860 1772 930 1815 eum
944 1749 997 1813 filii
1009 1752 1072 1827 sui,
1093 1753 1156 1816 imo
1170 1755 1295 1819 noufilii

300 1851 347 1914 sui
358 1853 388 1915 in
401 1855 539 1918 sordibus
554 1878 560 1915 ε
578 1854 646 1916 ideo
661 1854 844 1916 abscondam
856 1851 964 1914 faciem
980 1873 1080 1915 meam
1095 1855 1209 1932 abeis,
1224 1857 1296 1921 dicit

300 1951 461 2018 Dominus.
481 1987 493 2009 ··
511 1954 616 2028 Filios,
638 1960 762 2037 propter
781 1950 995 2025 sacerdotium,
1014 1951 1109 2015 dixit:
1124 1975 1185 2018 non
1204 1957 1292 2031 filius,

301 2062 425 2136 propter
439 2056 558 2130 sordes,
578 2054 742 2140 subjunxit.
760 2054 879 2116 Horum
899 2052 1077 2115 sacrificium
1093 2075 1153 2117 non
1169 2058 1296 2141 suscipit

300 2153 460 2230 Dominus,
485 2156 538 2218 sed
559 2155 764 2228 abominatur,
785 2163 820 2216 ut
837 2152 971 2215 dicitur:
1000 2183 1013 2203 u
1030 2153 1218 2220 Sacrificium
1229 2179 1297 2222 ves·

300 2264 382 2315 trum
407 2255 472 2317 odit
486 2256 587 2317 anima
605 2276 684 2329 mea,
698 2255 773 2318 dicit
786 2253 957 2317 Dominus:
976 2252 1049 2335 quia
1066 2275 1178 2337 panem
1196 2259 1295 2340 pollu-

301 2361 366 2414 tum
378 2353 530 2417 obtulistis
544 2353 627 2415 mihi.
648 2387 660 2408 ν
674 2356 718 2418 Et
726 2355 836 2418 iterum
849 2375 857 2416 :
881 2368 894 2406 'u
908 2353 941 2416 N
942 2374 959 2415 e
973 2352 1107 2418 offeratis
1118 2358 1299 2423 sacrificium

299 2448 411 2513 frustra
426 2474 432 2512 :
448 2450 626 2513 sacrificium
637 2459 773 2515 vestrum
786 2453 972 2516 abominatio
987 2459 1034 2516 est
1047 2454 1131 2518 mihi.
1149 2489 1162 2510 n
1178 2457 1302 2542 Corpus

299 2550 423 2612 Domini
437 2570 506 2613 cum
516 2550 608 2632 pollui
622 2559 767 2635 nequeat,
786 2563 934 2636 quantum
945 2553 975 2614 in
985 2552 1060 2636 ipsis
1071 2564 1129 2632 est,
1145 2559 1298 2641 polluunt,

300 2669 368 2712 cum
392 2650 465 2713 illud
491 2649 652 2715 indiscrete
676 2652 760 2715 velut
780 2653 873 2716 alium
897 2674 1006 2736 panem
1027 2666 1160 2721 sumunt.
1190 2660 1302 2724 Oratio

301 2771 405 2814 eorum
419 2772 479 2814 non
491 2751 665 2836 suscipitur,
682 2754 736 2816 sed
751 2755 805 2817 fiet
816 2754 847 2816 in
860 2759 1030 2836 peccatum,
1045 2754 1191 2837 quianon
1200 2780 1301 2824 exau·

301 2852 364 2915 diet
389 2874 442 2916 eos
467 2853 627 2916 Dominus.
657 2854 834 2918 Benedictio
863 2875 967 2916 eorum
996 2853 1027 2914 in
1052 2855 1303 2925 maledictionem

299 2954 500 3030 convertitur,
523 2963 559 3017 ut
578 2954 710 3018 dicitur:
738 2986 750 3006 ιι
771 2953 956 3016 Convertam
972 2953 1214 3022 benedictionem
1228 2982 1299 3026 ves-

300 3062 379 3116 tram
394 3054 425 3116 in
441 3054 697 3129 maledictionem,
721 3056 764 3118 ait
788 3053 949 3117 Dominus.
973 3085 985 3106 a
1014 3054 1057 3116 Et
1072 3055 1166 3119 alibi:
1196 3088 1210 3110 u
1231 3061 1302 3125 No-

300 3154 420 3220 luerunt
444 3157 700 3232 benedictionem,
725 3165 756 3220 et
775 3155 966 3238 elongabitur
986 3155 1115 3219 abeis:
1139 3158 1302 3244 clegerunt

300 3256 554 3330 maledictionem,
570 3265 601 3320 et
611 3256 715 3320 veniet
726 3256 781 3319 eis.
804 3288 817 3308 »

343 3355 385 3418 D.
411 3356 542 3419 Sumunt
553 3355 584 3418 hi
599 3376 707 3439 corpus
725 3353 865 3418 Dominil
882 3389 921 3400 —
939 3353 986 3415 M.
1011 3352 1076 3416 Soli
1090 3353 1142 3416 filii
1159 3355 1221 3421 Dei
1244 3380 1301 3424 ac-

298 3455 415 3536 cipiunt
430 3477 539 3539 corpus
555 3453 686 3529 Christi,
705 3454 757 3537 qui
780 3453 902 3518 Christo
923 3459 994 3515 sinit
1009 3452 1240 3537 incorporandi,
1268 3471 1302 3526 et

297 3553 398 3615 Deum
414 3553 528 3616 visuri:
548 3554 579 3616 hi
593 3560 708 3627 autem,
723 3554 776 3636 qui
787 3556 817 3617 in
827 3553 948 3618 Christo
960 3574 1019 3616 non
1030 3562 1170 3629 manent,
1188 3577 1302 3638 quam·

296 3653 344 3714 vis
352 3652 512 3715 videantur
526 3653 566 3715 ad
581 3673 616 3714 os
626 3653 795 3736 porrigere,
814 3674 923 3737 corpus
943 3651 1055 3716 Christi
1073 3675 1133 3717 non
1148 3667 1298 3738 sumunt,

295 3751 349 3812 sed
372 3751 518 3836 judicium
544 3752 601 3815 sibi
626 3754 811 3817 manducant
838 3762 870 3817 et
899 3754 1013 3817 hibunt.
1041 3753 1160 3838 Corpus
1189 3765 1299 3823 autem

295 3848 408 3913 Christi
429 3871 483 3932 per
502 3872 610 3914 manus
633 3851 822 3936 Angelorum
846 3854 877 3916 in
899 3854 1008 3918 coelum
1029 3852 1177 3928 defertur,
1199 3857 1298 3922 carbo

295 3969 368 4010 vero
379 3969 398 4011 a
410 3949 546 4012 daemone
564 3950 593 4011 in
614 3971 649 4012 os
668 3951 835 4036 projicitur,
852 3957 886 4015 ut
900 3952 1073 4038 Cyprianus
1089 3959 1230 4017 testatur.
1251 3957 1297 4022 Et

294 4047 436 4130 quiahoc
453 4057 575 4112 sumunt
587 4050 775 4135 negligenter
788 4058 825 4114 ut
839 4051 931 4114 alium
945 4073 1072 4136 panem,
1095 4066 1125 4116 et
1144 4053 1227 4117 aliud
1244 4057 1295 4118 vi-
1355 4094 1358 4103 ·

294 4168 385 4220 num,
399 4148 527 4211 vertitur
542 4150 585 4212 eis
598 4150 628 4213 in
642 4150 681 4213 fel
698 4152 879 4226 draconum,
896 4160 926 4215 et
940 4153 971 4214 in
984 4173 1133 4216 venenum
1149 4154 1293 4236 aspidum

293 4246 473 4312 insanabile.
