3184 5442
234 766 239 777 ,
295 711 357 772 164
671 725 701 765 o.
731 723 902 764 consumor

335 867 366 928 9.
391 867 532 929 Benene.
556 892 567 912 u
586 862 646 925 Per
658 860 916 924 consecrationem
934 858 1038 921 altaris
1059 859 1135 920 fiunt
1152 859 1240 941 panis
1256 869 1289 922 et

292 966 395 1029 vinum
414 969 637 1027 sacramentum
655 961 824 1044 religionis,
843 982 904 1022 non
923 967 958 1022 ut
979 958 1120 1022 desinant
1136 979 1203 1022 esse
1219 981 1289 1042 quae

293 1071 390 1139 erant,
403 1065 457 1127 sed
468 1070 504 1125 ut
515 1062 577 1126 sint
587 1082 655 1143 quae
667 1068 765 1128 erant,
784 1066 816 1121 et
827 1058 858 1120 in
870 1058 953 1120 aliud
962 1065 1195 1134 commutentur,
1206 1061 1289 1142 quod

293 1165 368 1227 dicit
382 1166 490 1226 beatus
501 1160 683 1225 Ambrosius
695 1159 725 1221 in
736 1160 813 1221 libro
828 1160 866 1220 de
877 1158 1087 1221 sacramentis.
1108 1189 1119 1209 n

337 1263 457 1325 Laura.
476 1262 504 1325 O
525 1267 659 1322 mentem
683 1267 858 1332 amentem,
885 1257 1075 1320 ohominem
1096 1256 1290 1338 impudenter

294 1361 507 1436 mentientem,
526 1382 544 1421 o
563 1359 749 1442 puniendam
771 1357 993 1429 temeritatem
1008 1356 1206 1418 Ambrosium
1223 1364 1289 1419 tes-

295 1469 358 1524 tem
385 1460 481 1522 accire
504 1457 678 1542 praesumis,
703 1457 784 1539 quod
809 1456 897 1538 panis
924 1464 955 1518 et
977 1455 1082 1517 vinum
1104 1456 1210 1518 altaris
1235 1448 1292 1539 per

295 1558 551 1625 consecrationem
567 1580 625 1620 non
644 1557 786 1620 desinunt
798 1577 865 1618 esse
877 1557 958 1637 quod
970 1562 1067 1627 erant,
1082 1555 1136 1618 sed
1150 1576 1291 1618 commu-

296 1667 400 1722 tantur
408 1658 439 1720 in
449 1658 530 1721 aliud
540 1659 621 1740 quod
629 1679 690 1719 non
700 1664 797 1719 erant.
808 1659 851 1718 Et
861 1656 982 1738 quidem
991 1656 1016 1716 si
1028 1656 1066 1718 de
1077 1655 1288 1730 sacramentis,

297 1779 351 1821 seu
366 1758 499 1833 caeteris,
518 1759 555 1820 de
568 1757 677 1838 quibus
688 1755 870 1818 Ambrosius
882 1754 1018 1836 scripsit,
1032 1775 1138 1815 omnes
1151 1755 1292 1818 revolvas

296 1858 404 1933 libros,
420 1880 496 1940 quos
516 1857 654 1920 Ecclesia
671 1856 702 1918 in
723 1876 779 1919 usu
802 1875 881 1918 nunc
899 1855 1008 1929 habet,
1033 1853 1094 1915 tale
1114 1853 1230 1936 aliquid
1252 1855 1291 1917 ab

298 1959 463 2022 Ambrosio
479 1959 608 2031 dictum,
625 1957 785 2038 taliterque
798 1955 970 2038 expositum
989 1976 1138 2037 nusquam
1159 1954 1292 2037 reperire

299 2058 424 2122 valebis.
444 2056 534 2136 Quod
553 2059 579 2120 si
597 2057 740 2132 dixisset,
756 2056 992 2139 praeclarissima
1008 2053 1096 2116 samae
1115 2075 1176 2116 suae
1194 2055 1292 2137 pluri-

205 2150 207 2156 ’
300 2180 383 2221 mum
398 2158 593 2233 detraxisset,
611 2156 738 2238 sibiipsi
754 2155 923 2218 contrarius
938 2154 1101 2228 ext'tisset,
1117 2174 1180 2216 rem
1192 2154 1292 2217 incre-

299 2256 421 2318 dibilem
436 2257 617 2320 credendam
629 2277 696 2318 esse
706 2255 923 2318 constituisset.
935 2253 1011 2331 Quis
1023 2254 1102 2316 enim
1112 2240 1236 2336 compos
1246 2255 1293 2316 sui

299 2356 404 2418 credat
427 2377 500 2418 remv
516 2357 649 2436 aliquam
667 2357 803 2419 converti
824 2357 855 2417 in
879 2355 988 2428 aliam,
1008 2374 1063 2416 nec
1081 2351 1232 2416 tamenin
1256 2373 1294 2415 ea

300 2460 387 2535 parte
402 2453 537 2515 desinere
552 2475 619 2516 esse
634 2455 715 2536 quod
727 2454 810 2515 eratl
824 2455 887 2517 Sed
902 2454 1016 2516 veritas
1030 2453 1108 2536 ipsa,
1126 2472 1194 2533 quae
1207 2452 1295 2515 Deus

301 2559 359 2626 est,
377 2553 479 2634 procul
496 2573 616 2634 semper
630 2559 760 2625 avertat,
779 2561 814 2618 ut
830 2553 918 2616 testis
937 2553 1075 2617 veritatis
1090 2559 1196 2615 contra
1207 2552 1292 2641 ,veri-

300 2658 397 2727 tatem
411 2651 499 2714 testis
510 2650 633 2714 existat.
652 2651 769 2733 Accipe
779 2652 882 2741 potius
899 2653 973 2735 quid
987 2652 1019 2714 in
1034 2651 1110 2714 libro
1122 2653 1160 2714 de
1173 2660 1292 2736 myste-

300 2750 365 2827 riis,
380 2751 444 2814 sive
454 2750 609 2814 initiandis
623 2752 716 2815 dicat.
731 2751 847 2816 Volens
857 2753 937 2814 enim
949 2751 1183 2834 discrepantiam
1195 2755 1295 2815 osteri-

302 2853 372 2914 dere
388 2851 466 2915 inter
478 2873 591 2915 manna
601 2854 622 2915 J
623 2855 787 2926 udaeorum,
801 2861 833 2915 et
848 2852 1027 2917 sacrificium
1039 2851 1291 2922 Christianorum,

302 2973 356 3035 per
370 2952 427 3015 hoc
438 2951 578 3015 videlicet
592 2952 663 3034 quia
678 2952 752 3015 illud
764 2953 890 3026 umbra,
907 2960 938 3014 et
948 2953 1044 3036 figura
1056 2959 1140 3026 erat,
1154 2950 1213 3014 hoc
1221 2973 1294 3014 vero
1334 2971 1337 2977 ·

301 3052 366 3131 lux,
384 3060 416 3114 et
431 3050 543 3115 veritas
557 3075 564 3125 ;
579 3051 652 3115 illud
664 3073 680 3113 e
693 3052 780 3125 coelo,
795 3051 852 3114 hoc
867 3071 976 3133 corpus
989 3049 1114 3112 Domini
1127 3052 1292 3129 coelorum:

302 3171 340 3213 ne
353 3158 470 3214 tantam
486 3153 522 3214 el
532 3159 703 3214 mentorum
722 3151 754 3212 in
772 3157 928 3213 tantarum
947 3170 1048 3212 rerum
1068 3150 1297 3213 conversionem

208 3260 212 3269 '
302 3272 389 3314 mens
399 3252 661 3316 crederehumana
672 3250 842 3335 refugeret,
855 3249 1011 3334 subjunxit
1025 3249 1128 3313 dicens
1143 3273 1149 3311 ι
1166 3280 1179 3301 u
1196 3250 1298 3326 Quan-

304 3350 344 3412 tis
357 3350 451 3434 igitur
467 3351 581 3413 utimur
600 3351 763 3434 exemplis
782 3352 945 3432 probemus
960 3349 1017 3412 hoc
1032 3370 1094 3410 non
1108 3370 1193 3424 esse,
1215 3350 1297 3431 quod

303 3455 413 3531 natura
430 3447 590 3521 formavit,
609 3450 662 3511 sed
685 3451 767 3531 quod
788 3449 958 3512 benedictio
980 3449 1180 3520 consecravit,
1199 3450 1297 3534 majo-

244 3547 248 3556 '
304 3567 428 3627 remque
445 3546 508 3607 vim
523 3567 589 3608 esse
604 3548 837 3621 benedictionis,
861 3570 953 3631 quam
969 3556 1101 3624 naturae,
1120 3548 1192 3631 quia
1209 3550 1299 3612 bene-

305 3645 435 3709 dictione
447 3643 539 3707 etiam
548 3652 658 3708 natura
671 3647 737 3728 ipsa
749 3655 894 3710 mutatur.
919 3674 931 3696 r
951 3648 1082 3724 Panem,
1100 3648 1264 3730 vinumque
1280 3670 1299 3712 a

303 3751 414 3807 natura
431 3743 554 3807 formari
573 3745 673 3808 nullus
690 3747 742 3827 qui
759 3745 910 3830 ambigat,
928 3769 1018 3810 nemo
1037 3748 1089 3830 qui
1107 3747 1231 3811 nesciat.
1249 3749 1299 3811 De

305 3865 433 3926 quorum
457 3863 531 3906 vera
553 3843 584 3904 in
607 3865 713 3906 verum
739 3865 849 3927 corpus
872 3846 996 3909 Domini
1020 3847 1215 3910 conversione
1238 3868 1300 3909 non

305 3949 444 4024 oportere
454 3943 585 4006 dubitari
594 3942 762 4006 manifestis
772 3946 906 4009 ostendit
917 3948 1081 4029 exemplis,
1096 3945 1235 4030 congruis
1245 3966 1300 4028 per

306 4031 415 4106 similia
429 4042 538 4105 asserit
549 4043 747 4127 argumentis,
763 4065 889 4108 narrans
899 4046 1049 4129 imprimis
1063 4047 1168 4131 Moysi
1182 4045 1300 4131 virgam

305 4142 337 4204 in
352 4150 523 4226 serpentem
538 4163 669 4219 versam,
685 4142 793 4206 deinde
809 4154 980 4228 serpentem
996 4146 1027 4208 in
1039 4147 1168 4230 virgam.
1186 4146 1300 4209 Postea

312 4263 407 4326 aquas
421 4242 451 4304 in
468 4242 644 4326 sanguinem
661 4251 811 4321 mutataS,
831 4244 938 4308 dehinc
956 4247 1134 4331 sanguinem
1148 4266 1301 4309 remeasse
