3184 5442
444 774 560 817 cuossa
583 774 615 816 m
639 774 689 816 ar.
714 774 756 814 no
782 773 930 818 coninua.
1143 758 1186 820 53

189 941 210 982 a
223 916 309 980 vobis
325 936 395 980 cum
406 914 603 998 pmdiaarem
617 915 769 998 stipendia
780 915 894 998 accepi.
911 911 983 993 Hoc
1001 916 1187 1000 Apostolum

189 1014 610 1099 vellesequentiadeclarant.
634 1049 678 1062 —
702 1013 1182 1101 NonsamApostolusilcom-

189 1115 314 1180 mandat
324 1113 539 1179 auctoritatem
550 1133 649 1188 suam,
665 1113 737 1196 quia
747 1135 767 1176 a
778 1136 812 1177 se
821 1115 960 1198 superias
970 1125 1183 1200 argumentum

188 1216 329 1299 sumpsit.
355 1249 400 1264 -
427 1211 518 1299 Opus
531 1234 643 1275 meum.
658 1213 719 1276 Per
730 1213 798 1291 hoc,
816 1214 927 1298 inquit,
944 1217 1100 1298 probatur,
1114 1218 1187 1300 quia

190 1315 361 1399 Apostolus
375 1320 408 1377 et
421 1311 569 1397 magister
581 1318 684 1374 vester
698 1331 786 1385 sum,
808 1313 881 1395 quia
893 1334 950 1378 vos
963 1314 1112 1399 Discipuli
1126 1318 1187 1380 mei

189 1415 265 1479 estis
277 1415 310 1479 in
322 1415 383 1478 fide
396 1411 523 1478 Christi.
551 1447 591 1460 -
615 1411 694 1473 Mea
705 1409 861 1497 deserato.
877 1413 1034 1499 ]Quidam
1045 1415 1188 1481 dicebant

192 1534 261 1579 eum
276 1535 338 1577 non
351 1534 420 1578 esse
430 1511 634 1596 Apostolum
647 1531 684 1575 eo
695 1512 778 1593 quod
792 1512 959 1576 Dominum
971 1534 1032 1576 non
1047 1515 1184 1592 vidisset,

191 1621 225 1678 et
237 1613 353 1676 nullam
367 1619 490 1696 gentem
501 1613 542 1674 ad
553 1610 719 1675 Dominum
731 1612 944 1676 convertisset.
959 1614 1119 1680 Adversus
1132 1637 1186 1680 ca-

192 1713 342 1777 lumniam
352 1732 466 1786 eorum,
482 1711 561 1776 hanc
576 1708 783 1775 defensionem
799 1713 982 1794 opponebat,
998 1712 1101 1777 dicens
1111 1735 1145 1778 se
1156 1722 1188 1778 et

193 1813 362 1878 Dominum
373 1812 496 1887 vidisse,
511 1820 543 1876 et
554 1810 728 1876 Corinthios
738 1811 933 1875 convertisse.
962 1848 1002 1860 -
1026 1814 1082 1874 Aa
1089 1836 1189 1899 prop-

194 1926 328 1987 ternos,
345 1924 403 1977 etc.
415 1911 580 1999 Jostendit
593 1912 650 1976 hoc
661 1911 776 1975 dictum
788 1931 856 1975 asse
869 1912 908 1975 de
920 1912 1167 1995 praedicatoribus
1179 1936 1185 1974 :

193 2019 249 2077 aut
263 2012 344 2077 enim
355 2013 394 2075 de
404 2011 464 2076 illis
475 2012 577 2076 autde
587 2012 695 2086 bobus,
713 2011 769 2074 sed
782 2011 823 2074 de
833 2012 930 2074 bobus
942 2031 1023 2073 non:
1038 2011 1190 2075 nonenim

195 2119 244 2176 est
257 2112 331 2177 ‘cura
349 2112 419 2176 Deo
436 2112 475 2176 de
496 2113 564 2186 his;
580 2133 653 2196 ergo
671 2110 787 2175 dictum
808 2118 857 2176 est
870 2113 909 2175 de
928 2110 1187 2194 predicatoribus.

198 2211 291 2274 -Ne
305 2211 392 2299 quod
403 2210 669 2299 ‹asseadicalam.]
691 2211 729 2275 Id
748 2218 813 2286 est,
834 2210 1095 2295 impedimentum.
1113 2211 1191 2275 For-

195 2320 278 2376 tasse
291 2312 373 2376 enim
386 2313 589 2398 Evangelium
604 2313 731 2385 Christi,
746 2312 846 2376 minus
856 2312 985 2376 libenter
997 2311 1147 2389 audirent,
1165 2312 1192 2374 si

194 2413 235 2475 ab
251 2411 297 2475 eis
313 2412 428 2496 aliquid
449 2413 610 2497 acciperet.
640 2450 680 2463 -
708 2411 787 2476 Cum
804 2412 902 2475 altari
910 2420 1162 2500 participantur.
1178 2411 1190 2498 ]

194 2511 274 2576 Pars
288 2511 370 2575 enim
386 2533 477 2598 super
488 2513 585 2578 altare
596 2515 843 2586 comburebatur;
859 2521 892 2577 et
903 2534 976 2598 pars
987 2513 1131 2578 ministris
1143 2513 1188 2577 al-

194 2610 272 2675 laris
285 2611 318 2674 in
332 2611 416 2676 cibos
430 2614 622 2678 servabatur.
651 2650 691 2663 -
717 2613 840 2677 Bonum
852 2625 900 2675 est
913 2613 1085 2676 enimmihi.
1110 2613 1179 2677 Ra-

194 2711 240 2774 tio
252 2731 306 2776 cur
321 2711 399 2777 nolit
414 2712 566 2796 stipendia
581 2713 646 2778 dari
660 2713 729 2778 sibi.
747 2714 867 2778 Periret
886 2713 968 2777 enim
987 2712 1087 2799 gratia
1110 2734 1185 2784 sua.

195 2830 265 2892 quae
279 2831 319 2874 ex
332 2812 467 2895 gratuita
481 2812 695 2896 praedicatione
712 2813 866 2896 procedit;
883 2833 952 2896 quae
966 2833 1035 2878 cum
1050 2833 1190 2876 remune-

196 2916 265 2974 rata
275 2911 437 2975 convenire
448 2933 509 2975 non
520 2920 635 2997 posset.
661 2949 706 2962 -
728 2912 803 2977 Non
815 2926 864 2976 est
874 2913 953 2976 milti
961 2911 1079 2998 gloria.
1089 2910 1101 2998 ]
1113 2912 1191 2976 Glo-

196 3009 347 3075 riahaeca
359 3012 517 3076 voluntate
528 3013 677 3096 procedit,
690 3013 780 3098 longe
791 3012 884 3096 igitur
896 3010 1121 3075 anecessitate.
1149 3045 1190 3058 -

201 3108 306 3194 Quam
318 3123 351 3173 at
357 3111 495 3197 gloriam
509 3134 621 3188 meam,
635 3124 694 3177 ete.
708 3110 801 3197 ]Non
816 3110 896 3184 ideo,
908 3108 1018 3191 inquit,
1035 3107 1191 3191 evangeli-

159 3214 164 3221 '
197 3210 265 3273 mvi
281 3211 404 3294 utquid
418 3233 438 3274 a
454 3212 541 3276 vobis
560 3212 697 3297 accipere
714 3210 821 3274 velim.
843 3209 926 3273 Nam
945 3207 971 3271 si
990 3214 1116 3291 propter
1136 3207 1193 3272 hoc

198 3305 458 3394 evangelizavero,
472 3333 533 3379 non
547 3312 623 3376 mihi
635 3312 742 3397 gloria,
754 3311 786 3374 id
797 3316 856 3385 est,
870 3307 983 3372 moriar
997 3307 1188 3373 aeternaliter.

197 3408 282 3473 Nam
292 3411 405 3474 malum
415 3419 463 3476 est
471 3413 549 3476 mori
561 3411 787 3496 temporaliter;
802 3410 856 3474 sed
867 3408 967 3472 minus
977 3407 1090 3472 malum
1099 3429 1192 3492 quam

197 3509 380 3575 aeternaliter
392 3533 483 3586 m0n;
502 3521 534 3577 et
548 3512 606 3578 hoc
620 3511 764 3596 estquod
779 3510 853 3577 dicit
868 3509 1111 3594 aequipollenter:
1128 3510 1192 3574 Bo-

198 3629 272 3673 num
289 3619 337 3675 est
352 3611 432 3675 enim
447 3612 523 3676 mihi
541 3612 640 3697 magis
658 3614 747 3676 mori.
775 3648 815 3661 -
845 3610 902 3673 Voe
918 3619 1001 3673 enim
1015 3609 1094 3672 mila·
1108 3609 1193 3695 est]

199 3709 336 3794 Exponit
350 3712 388 3776 de
403 3732 465 3796 qua
480 3712 663 3776 necessitate
675 3712 766 3776 dicat.
779 3713 838 3775 Est
849 3709 929 3774 enim
944 3709 1005 3774 alia
1015 3708 1190 3785 necessitas,

200 3829 268 3892 quae
282 3809 314 3872 in
327 3830 427 3874 rerum
436 3809 685 3878 immutabilitate
699 3810 849 3875 consistit.
877 3846 917 3858 -
947 3808 1005 3872 Voe
1016 3815 1103 3871 enim
1115 3808 1195 3871 mila·

199 3922 248 3971 est
258 3909 538 3997 si,etc.]Nonest,
548 3911 657 3995 inquit,
667 3909 740 3974 mihi
750 3909 892 3996 gloriosi
902 3918 1028 3994 propter
1038 3917 1194 3992 sumptum

199 4007 381 4092 pmdicem:
398 4011 471 4093 quia
489 4019 613 4095 propter
628 4010 843 4075 necessitatem
855 4008 1012 4074 vitandam
1028 4007 1191 4082 hauserim

199 4127 272 4171 nam
285 4117 410 4194 propter
422 4131 481 4187 vae,
495 4111 528 4176 id
542 4118 601 4187 est,
619 4109 709 4175 famis
719 4109 885 4195 periculum
897 4108 1068 4173 vitandum.
1079 4108 1196 4173 Probat

200 4226 274 4270 vero
288 4206 319 4270 in
333 4207 428 4284 libro,
452 4211 525 4293 quia
542 4211 568 4274 si
586 4210 745 4294 praedicet,
767 4208 858 4273 samis
878 4209 1043 4293 periculum
1060 4207 1190 4272 vitabit:

202 4325 248 4370 vae
262 4306 361 4385 enim,
380 4309 411 4373 id
430 4318 496 4386 est,
514 4309 603 4374 lamis
624 4310 788 4394 periculum
807 4311 956 4385 incurret,
976 4308 1003 4370 si
1019 4328 1078 4369 non
1099 4325 1194 4369 evan-
