3184 5442
501 747 618 788 cnosson
644 748 677 788 nu
701 747 750 788 ΕΡ.
777 750 819 789 nu
844 750 933 791 naun.
1155 735 1214 796 141

223 884 305 968 quod
318 884 408 946 homo
419 890 478 957 est,
492 884 576 946 Novi
589 885 778 949 Testamenti
791 887 940 950 mediator
949 886 1021 962 luit3
1038 891 1109 973 quia
1119 893 1216 976 legem

221 984 282 1049 Dei
304 983 473 1046 hominihus
489 983 601 1047 attulit.
631 1020 670 1032 -
694 983 800 1047 Morte
814 987 1037 1051 intercedente.
1056 989 1217 1074 ]Christus

221 1091 358 1148 mortuus
368 1090 480 1145 estnon
493 1082 591 1145 solum
606 1090 641 1146 ut
652 1084 780 1157 Gentes,
796 1086 851 1147 sed
867 1092 899 1147 et
912 1087 933 1148 J
934 1088 1037 1151 udaeos
1051 1096 1114 1152 tarn
1130 1091 1217 1154 vivos

221 1205 313 1267 quam
329 1190 476 1256 mortuoS,
494 1182 534 1246 ad
545 1183 641 1246 vitam
648 1191 794 1247 aeternam
806 1186 1049 1267 praedestinatos,
1065 1210 1215 1273 apraeva-

220 1282 425 1353 ricationibus,
448 1303 525 1364 quas
547 1282 605 1365 ipsi
620 1285 676 1347 suh
692 1285 788 1347 veteri
804 1285 871 1371 lege
892 1288 1116 1364 commiserant,
1135 1291 1216 1354 redi·

221 1390 328 1446 meret.
356 1417 397 1430 -
425 1379 484 1443 Ubi
505 1390 588 1442 enim
605 1393 836 1445 testamentum.
850 1382 861 1468 l
873 1384 1009 1467 Exponit
1024 1408 1146 1451 causam
1162 1410 1214 1453 cur

139 1543 145 1553 ,
220 1482 359 1548 Christus
382 1487 520 1544 mortuus
546 1481 596 1556 sit,
622 1482 763 1546 videlicet
787 1482 860 1565 quia
891 1491 1108 1549 testamentum
1139 1508 1212 1552 con-

221 1582 338 1647 diturus
348 1589 426 1645 erat.
439 1581 667 1645 Testamentum
681 1590 783 1644 autern
795 1581 852 1645 nisi
870 1584 1046 1649 emoriente
1063 1606 1122 1648 non
1140 1608 1213 1651 oon-

221 1679 312 1744 ditur.
340 1716 380 1729 -
404 1679 444 1741 In
467 1688 610 1742 mortuis.
626 1680 638 1765 ]
654 1681 828 1744 Secundum
844 1682 928 1765 leges
949 1684 1050 1747 saeouli
1067 1684 1211 1767 loquitur,

220 1780 251 1841 in
274 1779 384 1863 quibus
406 1779 580 1862 praecipitur
603 1779 726 1843 vivente
751 1786 899 1843 testatore
921 1789 1137 1847 testamentum
1154 1806 1214 1846 non

221 1899 288 1942 esse
297 1887 411 1944 ratum.
424 1881 484 1941 Est
498 1886 602 1942 autem
618 1886 847 1952 testamentum,
869 1901 887 1942 a
903 1868 963 1963 quo
984 1882 1023 1944 ad
1035 1882 1138 1945 divina
1150 1891 1213 1946 tes-

220 1983 358 2042 tamenta
371 1977 566 2041 similitudine
581 1978 713 2052 ducitur,
729 1979 877 2042 ordinatio
890 1979 1020 2042 hominis
1036 1980 1214 2063 praecipien-

221 2076 261 2138 tis
276 2076 349 2159 quid
360 2086 431 2160 post
444 2084 574 2139 mortem
583 2077 649 2161 ejus
663 2078 701 2139 de
720 2079 810 2140 rebus
820 2078 915 2161 ipsius
930 2080 971 2142 sit
984 2079 1145 2164 agendum.
1174 2116 1213 2128 -

221 2175 295 2237 Non
313 2184 406 2239 enim.
425 2175 437 2260 ]
451 2176 587 2258 Exponit
598 2177 682 2259 ipsas
695 2177 835 2240 meliores
850 2177 977 2246 hostias,
998 2200 1065 2261 quae
1080 2186 1127 2241 est
1141 2199 1212 2253 una,

220 2276 252 2339 id
271 2283 328 2350 est,
352 2272 462 2359 corpus
476 2275 602 2340 Christi.
620 2277 703 2339 Usus
724 2284 827 2340 autem
849 2278 990 2360 loquendi
1010 2278 1053 2341 sic
1072 2279 1166 2342 vellet
1185 2279 1215 2340 in

220 2375 400 2440 manufactis
410 2375 525 2438 sanctis
533 2376 758 2458 exemplaribus
766 2398 906 2440 verorum
922 2401 927 2439 :
941 2377 989 2441 vel
1001 2378 1033 2440 in
1043 2377 1216 2442 manufacta

220 2481 325 2539 sancta
345 2474 531 2557 exemplaria
554 2494 705 2537 verorum.
734 2512 774 2523 -
801 2475 965 2561 Peccant]
993 2477 1116 2541 Peccati
1142 2477 1215 2541 dicit

219 2596 274 2658 pro
287 2581 490 2658 peccatorum.
510 2573 623 2637 Omnia
638 2574 718 2639 enim
733 2581 860 2657 peccata
876 2576 1027 2639 destruxit
1045 2577 1075 2638 in
1094 2577 1142 2640 his
1162 2576 1215 2660 qui

219 2675 361 2740 credituri
374 2681 474 2737 erant.
491 2709 531 2721 -
544 2672 623 2735 Sine
630 2687 778 2759 peccato.
791 2673 803 2760 ]
818 2675 892 2738 Sine
908 2683 1034 2758 peccato
1049 2677 1133 2752 dicit,
1149 2677 1215 2739 sine

219 2774 414 2839 similitudine
425 2773 525 2837 carnis
536 2773 665 2856 peccati.
682 2776 718 2838 In
729 2774 827 2857 primo
840 2774 920 2838 enim
935 2777 1069 2840 adventu
1081 2797 1136 2839 suo
1146 2777 1213 2839 Do-

219 2875 319 2938 minus
332 2874 426 2937 talem
445 2893 568 2937 carnem
586 2874 731 2956 gestavit,
751 2875 873 2956 qualern
898 2881 930 2937 et
945 2875 1046 2938 oaeteri
1063 2875 1210 2948 homines,

219 2974 272 3057 qui
289 2979 465 3056 peccatores
480 2978 578 3035 erant.
596 2973 633 3036 In
655 2975 788 3037 secundo
799 2994 872 3036 vero
893 2974 1023 3038 intanta
1037 2974 1133 3057 gloria
1144 2993 1214 3035 caro

220 3075 287 3159 ejus
310 3071 489 3155 apparebit,
507 3079 621 3154 quanta
641 3093 697 3136 nec
718 3072 907 3156 excogitari,
928 3093 984 3136 nec
1011 3072 1155 3154 explicari
1176 3074 1214 3134 ab

220 3174 322 3256 aliquo
336 3170 509 3235 mortalium
523 3178 637 3255 potest.
660 3172 769 3237 Potest
783 3172 876 3236 etiam
896 3172 1040 3256 intelligi,
1062 3172 1126 3234 sine
1147 3193 1215 3253 pec-

219 3280 300 3347 cato,
318 3271 384 3334 sine
395 3270 496 3334 hostia
508 3292 564 3354 pro
578 3280 721 3354 peccato;
736 3294 798 3334 non
813 3271 893 3335 enim
903 3280 977 3336 tuno
991 3271 1161 3355 apparebit,
1179 3280 1213 3335 ut

219 3377 347 3455 peccata
357 3378 478 3454 purget,
495 3371 548 3434 sed
564 3373 699 3434 damnet.

651 3698 719 3739 CAP.
747 3698 779 3738 X.

266 3881 412 3945 Umbram
435 3881 556 3966 enim]
576 3882 672 3945 Redit
695 3884 734 3945 ad
757 3881 942 3964 superiorem
965 3881 1134 3953 rationem,
1161 3880 1214 3943 ubi

219 3984 309 4056 dixit,
321 3983 435 4066 legales
444 3982 561 4045 hostias
569 4005 629 4046 non
639 4003 728 4064 posse
738 3982 838 4046 facere
852 3981 1034 4044 servientem
1045 3980 1212 4064 perfectum

214 4087 306 4171 juxta
322 4080 549 4147 conscientiam.
567 4084 611 4145 Et
633 4090 681 4145 est
694 4081 866 4164 responsio,
886 4080 974 4163 quasi
994 4080 1108 4143 diceret
1126 4102 1133 4140 :
1151 4078 1214 4142 Cur

217 4178 322 4243 dixisti
330 4175 731 4262 peccataexhauriendaper
740 4178 908 4250 Christum,
922 4183 953 4239 et
961 4197 1021 4238 non
1033 4197 1088 4258 per
1097 4172 1211 4257 legemt

220 4316 259 4328 -
285 4276 471 4341 Scabellum.
488 4274 498 4346 l
514 4276 588 4340 Sub·
593 4277 719 4361 pedibus
729 4276 844 4341 Christi
859 4282 946 4339 erunt
959 4294 1063 4336 omnes
1077 4273 1128 4355 qui
1140 4279 1211 4334 sunt
