3184 5442
500 699 619 740 crosae
642 698 675 739 m
699 698 747 739 ar.
774 700 815 739 no
840 701 939 741 cocos.
1159 684 1223 747 113

219 837 356 902 visibiles
369 847 543 913 creaturae,
557 859 625 920 quae
645 839 675 900 in
695 846 761 902 tota
780 839 980 903 universitate
994 849 1098 925 partes
1117 847 1222 908 numdi

220 945 301 1002 sunt.
316 937 367 1012 Si,
388 937 498 1021 inquit,
518 958 587 1001 cum
599 938 691 1000 fidem
706 937 820 1002 Christi
839 940 1034 1024 acceperitis,
1053 943 1175 1018 mortui,
1191 944 1224 1006 id

220 1044 279 1113 est,
298 1036 433 1120 separati
452 1036 527 1099 estis
546 1037 586 1099 ab
605 1036 790 1100 abstinentia
811 1045 1018 1102 creaturarum
1034 1041 1157 1120 mimdi‚
1175 1043 1222 1128 ju·

219 1136 306 1200 daico
328 1135 390 1199 ritu
409 1134 628 1207 abstinebatis,
643 1135 716 1218 quid
735 1135 834 1199 adhuc
849 1145 1008 1221 tamquam
1029 1141 1171 1205 viventes
1189 1142 1220 1205 in

220 1236 329 1299 eadem
347 1241 556 1298 creaturarum
580 1234 686 1296 mundi
700 1235 887 1299 abstinentia
897 1237 1021 1322 judaico
1037 1239 1097 1302 ritu
1115 1241 1220 1305 decer-

219 1334 294 1398 nitis
318 1334 456 1398 dicentes
471 1356 477 1394 :
492 1332 543 1395 Ne
566 1340 756 1419 tetigeritis,
787 1357 886 1422 neque
912 1347 1128 1421 gustaveritis,
1158 1353 1218 1404 etc.

220 1434 329 1498 Potest
343 1434 437 1498 etiam
457 1433 584 1517 intelligi
598 1433 637 1496 de
659 1433 800 1510 Christo,
813 1437 900 1519 quasi
922 1436 1056 1513 diceret,
1071 1439 1096 1501 si
1109 1441 1221 1504 mortui

222 1533 296 1598 estis
313 1534 435 1598 sicutet
453 1533 603 1608 Christus,
620 1534 653 1604 id
667 1543 731 1610 est,
754 1542 787 1599 et
804 1535 943 1599 Ecclesia
958 1535 1083 1601 Christi.
1110 1573 1150 1586 -
1175 1539 1221 1601 Et

222 1632 269 1694 ad
283 1656 347 1695 non
364 1632 562 1718 parcendum
577 1642 714 1721 corpori.
728 1633 740 1720 ]
755 1635 849 1714 Quae,
867 1634 981 1699 scilicet
997 1657 1105 1701 sames
1117 1638 1222 1702 suillas

221 1753 283 1795 non
297 1753 364 1796 esse
381 1733 595 1806 comedendas
610 1732 778 1797 constituta
793 1743 865 1796 sunt
886 1734 926 1796 ad
951 1755 1012 1797 non
1034 1738 1220 1819 parcendum

221 1831 355 1915 corpori,
369 1841 405 1895 ut
422 1853 533 1916 corpus
546 1830 721 1918 affligatur;
740 1832 807 1896 cibo
822 1833 903 1896 enim
922 1835 1093 1898 substracto
1111 1856 1221 1919 corpus

221 1927 381 2016 affligitur.
396 1931 456 1995 Vel
473 1952 533 1995 non
550 1942 622 1996 sunt
639 1932 806 1996 constituta
824 1932 864 1994 ad
889 1933 1074 2014 parcendum
1089 1935 1218 2018 corpori,

222 2030 280 2096 hoc
290 2038 348 2105 est,
363 2033 403 2094 ad
413 2032 635 2114 providendum
654 2031 772 2114 corpori
787 2038 891 2095 nostro
905 2054 910 2092 :
924 2052 993 2095 cum
1008 2032 1089 2095 enim
1104 2054 1124 2096 a
1137 2055 1220 2097 mor-

221 2129 319 2195 tiferis
340 2131 415 2195 cibis
438 2133 639 2206 abstinemus,
659 2133 777 2216 corpori
798 2139 904 2196 nostro
928 2133 1137 2215 providemus.
1157 2134 1221 2198 Sed

221 2238 346 2314 propter
361 2231 419 2296 hoc
440 2253 501 2294 non
521 2234 676 2298 abstinent
689 2233 789 2296 Judaei
807 2234 845 2296 ab
867 2232 1038 2316 hujusmodi
1060 2232 1217 2305 carnibus;

221 2349 277 2394 nec
287 2329 355 2393 ideo
366 2331 449 2414 quod
459 2331 616 2395 honestius
627 2331 725 2415 possit
736 2331 866 2395 saturari
877 2332 944 2395 aliis
953 2353 1046 2415 quam
1059 2331 1220 2416 prohibitis

222 2430 372 2494 carnibus

645 2775 714 2815 CAP.
741 2775 786 2815 111.
874 2815 876 2818 Α

266 3049 410 3113 Membra
429 3046 624 3132 vestra.]ld
644 3054 710 3119 est,
738 3053 843 3128 partes
865 3045 978 3107 veteris
999 3046 1146 3120 hominis,
1168 3051 1220 3131 qui

223 3150 403 3215 universitas
428 3149 545 3231 peccati
575 3146 773 3231 intelligitur;
807 3146 854 3206 vel
871 3146 1072 3207 membrorum
1099 3156 1219 3212 nostro-

220 3269 288 3312 rum
318 3245 586 3329 concupiscentias.
622 3280 661 3291 -
691 3239 874 3326 Servitus]
897 3241 968 3304 Hoc
992 3241 1066 3306 dicit
1092 3253 1217 3327 propter

221 3348 369 3434 imagines
390 3348 608 3429 imperatorum
635 3364 702 3428 quae
730 3341 863 3406 nummis
890 3343 1080 3425 reperiuntur
1108 3344 1219 3409 inscul-

222 3461 299 3533 ptae;
318 3447 399 3511 unde
422 3446 473 3530 qui
500 3445 633 3508 nummis
656 3443 826 3507 inserviunt
841 3442 927 3525 quasi
953 3442 1062 3520 idolis,
1079 3451 1111 3508 et
1125 3445 1220 3510 simu-

221 3549 311 3613 locris
338 3547 453 3611 servire
477 3546 630 3610 videntur.
658 3580 699 3592 -
723 3543 896 3606 loduentes
921 3543 1070 3630 novena]
1090 3545 1126 3608 Id
1152 3558 1217 3624 est,

220 3648 381 3711 induentes
403 3666 459 3708 vos
480 3644 670 3718 novitatem,
689 3642 779 3707 facite
792 3665 849 3706 vos
865 3664 978 3705 novum
991 3645 1152 3708 hominem.
1176 3683 1220 3696 -

221 3748 262 3811 In
274 3753 479 3834 agnitionem.
493 3743 551 3830 ]In
568 3743 722 3828 agnitione
736 3742 794 3806 Dei
808 3750 971 3807 renovatur
985 3742 1076 3807 homo
1087 3746 1127 3808 ad
1141 3746 1221 3813 ima-

221 3847 323 3933 ginem
346 3845 426 3910 Dei:
446 3844 510 3907 baec
532 3850 581 3906 est
603 3843 684 3906 enim
706 3842 809 3926 imago
830 3840 908 3914 Dei,
929 3841 1082 3925 adquam
1107 3849 1223 3913 creavit

219 3947 392 4021 hominem,
407 3952 442 4009 ut
455 3943 597 4008 videlicet
611 3941 768 4007 rationalis
785 3949 884 4015 esset,
901 3951 934 4004 et
953 3942 1089 4006 coelesua
1101 3964 1223 4030 semper

219 4050 372 4136 diligeret.
403 4086 439 4099 -
467 4050 602 4111 Domino
629 4044 788 4131 Christo]
804 4046 902 4124 Quasi
924 4046 1055 4111 diceret:
1072 4048 1222 4126 Quamvis

218 4151 341 4236 jubeam
355 4150 503 4234 quosdam
515 4168 555 4212 ex
566 4147 654 4211 vobis
665 4147 776 4210 debere
788 4145 857 4209 aliis
871 4145 1008 4211 subditos
1023 4167 1107 4222 esse,
1127 4170 1220 4231 quos-

222 4251 293 4315 dam
309 4249 446 4334 diligere,
457 4249 533 4313 alios
547 4246 614 4311 aliis
629 4245 763 4322 obedire,
781 4254 813 4309 et
828 4253 937 4310 caetera
948 4265 1016 4327 quae
1031 4258 1217 4328 sequuntur;

1097 4354 1114 4396 a
