3184 5442
556 753 761 794 ncucronmuu
786 754 854 793 SlvE
879 755 1037 796 mnnooos.
1237 740 1301 802 209

344 888 397 950 10.
426 889 472 950 De
495 888 644 952 bonorum
665 891 861 976 Angelorum
886 893 1146 977 confirmatione,
1161 896 1296 981 formo,

297 995 433 1050 scientia
447 1000 478 1049 et
485 1001 658 1072 potestate.

341 1088 382 1150 o.
410 1087 492 1164 Quid
515 1088 590 1152 dicis
613 1090 651 1151 ue
677 1092 764 1153 bonis
786 1092 986 1175 Angelist-
1000 1095 1046 1156 M.
1066 1073 1150 1157 ‘Post
1177 1097 1297 1179 lapsum

298 1187 418 1249 illorum
432 1208 505 1249 mox
523 1188 567 1251 ita
581 1191 751 1253 confirmati
774 1200 862 1265 sunt,
884 1201 920 1256 ut
939 1214 1092 1275 nunquam
1114 1194 1223 1258 cadere
1241 1219 1297 1261 nec

298 1307 424 1367 peccare
437 1288 568 1368 possint.
1108 1335 1118 1353 .

341 1387 384 1450 D.
410 1386 492 1464 Quid
506 1395 564 1461 est,
580 1389 783 1470 nonpossint!
803 1424 842 1434 —
860 1390 906 1451 M.
920 1389 1087 1470 Nunquam
1102 1392 1207 1455 velint.

341 1485 383 1547 D.
409 1483 472 1546 Cur
486 1506 546 1546 non
561 1487 654 1548 etium
674 1485 717 1547 illi
737 1485 877 1547 similiter
895 1494 966 1547 sunt
986 1488 1169 1550 confirmatil
1191 1526 1229 1539 -
1245 1492 1293 1554 M.

298 1583 370 1644 Non
381 1591 446 1646 tam
461 1583 514 1646 diu
529 1593 780 1666 expectaverunt.

341 1683 383 1745 D.
410 1683 492 1746 Num
503 1704 592 1746 casus
602 1683 720 1746 illorum
732 1681 789 1745 fuit
801 1703 893 1745 causa
903 1683 1139 1746 confirmationis
1147 1686 1293 1751 istorum!

299 1815 340 1827 -
356 1780 403 1843 M.
421 1782 625 1864 Nequaquam
640 1803 648 1844 ι
663 1782 717 1844 sed
732 1780 875 1843 meritum
890 1779 1034 1861 ipsorum.
1054 1780 1132 1844 Cum
1151 1784 1231 1846 enim
1249 1787 1297 1848 vi-

298 1879 405 1943 derent
416 1882 484 1944 illos
499 1882 614 1944 malum
626 1881 827 1964 superbiendo
847 1880 973 1963 eligere;
999 1880 1149 1962 indignati
1167 1891 1249 1960 sunt,
1268 1894 1300 1948 et

297 1999 417 2041 summo
435 1981 513 2042 bono
532 1978 652 2043 fortiter
668 1979 874 2041 inhaeserunt:
895 1980 974 2040 unde
994 1979 1135 2042 continuo
1150 1980 1180 2042 in
1196 2002 1298 2045 remu-

296 2080 453 2142 neratione
473 2079 731 2143 confirmationem
752 2086 952 2159 acceperunt;
973 2089 1005 2140 et
1019 2079 1072 2160 qui
1086 2079 1170 2161 prius
1190 2081 1298 2145 desua

297 2177 486 2242 beatitudine
501 2179 608 2243 incerti
624 2188 722 2251 erant,
737 2187 809 2241 tuno
824 2177 896 2240 facti
908 2185 979 2240 sunt
989 2178 1073 2240 certi.

342 2277 386 2340 D.
411 2278 543 2356 Qualem
564 2277 695 2342 formem
723 2279 836 2340 hebent
857 2278 985 2362 Angelil
1004 2314 1043 2325 —
1059 2279 1106 2340 M.
1138 2279 1296 2356 Quodam-

297 2376 387 2438 modo
401 2376 472 2440 Dei.
487 2379 532 2442 Ut
546 2378 626 2440 enim
642 2379 744 2460 imago
766 2398 842 2441 cerae
856 2378 1039 2460 imprimitur
1058 2379 1230 2461 signaculo,
1253 2381 1297 2444 sic

297 2496 444 2558 expressa
459 2485 506 2540 est
517 2477 549 2539 in
560 2476 605 2540 eis
615 2476 676 2539 Dei
692 2476 871 2538 similitudo.
935 2512 938 2518 ·

340 2577 382 2640 D.
409 2572 485 2656 Quis
502 2577 684 2640 similitudol
703 2613 742 2624 —
761 2577 807 2639 M.
831 2577 866 2640 In
889 2577 1022 2660 eoquod
1040 2585 1110 2640 sinit
1127 2578 1194 2653 lux,
1213 2581 1295 2662 quod

297 2684 368 2739 sunt
384 2677 563 2759 incorporei,
579 2685 611 2739 et
622 2667 704 2738 omni
716 2674 938 2758 pulchritudine
949 2675 1097 2738 decorati.

341 2776 383 2838 D.
409 2777 517 2840 Sciunt
528 2775 645 2850 omnia,
665 2776 715 2839 vel
728 2783 858 2858 possunt
873 2773 992 2836 omnial
1009 2810 1048 2820 —
1068 2775 1114 2836 M.
1140 2775 1225 2837 Nihil
1247 2785 1295 2840 est

296 2870 327 2931 in
339 2890 440 2934 rerum
453 2879 563 2935 natura
576 2872 658 2954 quod
672 2890 725 2932 eos
735 2872 842 2941 lateat.
859 2869 972 2933 cumin
980 2870 1048 2931 Deo
1061 2868 1163 2931 omnia
1174 2871 1295 2953 conspi-

296 2968 390 3033 ciant.
413 2970 496 3033 Sane
522 2970 623 3032 omnia
646 2991 713 3053 quae
739 2969 839 3033 facere
867 2969 991 3041 volunt,
1023 2968 1087 3029 sine
1113 2967 1294 3032 difficultate

296 3077 455 3152 poterunt.

343 3374 397 3451 ll.
424 3375 473 3436 De
493 3375 630 3438 hominis
642 3375 862 3462 formatione‚·
884 3390 914 3438 et
934 3376 1087 3463 quomodo
1110 3384 1153 3438 sit
1171 3400 1294 3462 parvus

296 3474 430 3537 mundus
446 3489 477 3538 et
496 3475 542 3538 ad
556 3484 727 3562 imaginem
749 3477 821 3538 Dei.

339 3574 381 3639 D.
407 3576 517 3640 Nonne
538 3597 628 3640 casus
648 3576 798 3639 malorum
820 3576 929 3639 minuit
949 3597 1107 3639 numerum
1125 3578 1290 3642 bonoruml

297 3709 338 3721 -
355 3674 401 3736 M.
419 3675 484 3738 Ita:
503 3677 558 3739 sed
570 3684 605 3740 ut
617 3676 820 3759 compleretur
840 3677 1005 3740 electorum
1025 3697 1185 3752 numerus,
1202 3679 1293 3741 homo

297 3771 430 3835 decimus
441 3783 488 3838 est
499 3784 634 3839 creatus.

340 3872 380 3933 D.
406 3874 512 3937 Undel
529 3912 569 3923 -
583 3877 630 3938 M.
653 3877 702 3938 De
718 3875 868 3958 spirituali
890 3885 921 3938 et
940 3875 1087 3958 corporali
1109 3877 1289 3940 substantia.

339 3971 383 4034 D.
408 3973 499 4035 Unde
524 3974 703 4056 corporalis!
721 4011 764 4020 —
791 3975 836 4037 M.
867 3975 916 4037 De
948 3982 1077 4057 quotuor
1107 3975 1289 4038 elementis:

294 4071 375 4132 unde
391 4078 423 4132 et
433 4071 659 4148 microcosmus,
678 4074 781 4149 idest,
796 4075 894 4136 minor
909 4076 1039 4136 mundus
1054 4074 1182 4137 dicitur:
1201 4075 1294 4137 habet

294 4191 429 4252 namque
441 4191 480 4233 ex
492 4178 573 4234 terra
582 4192 715 4248 carnem,
734 4194 773 4236 ex
785 4195 867 4256 aqua
879 4175 1074 4258 sanguinem,
1092 4195 1130 4235 ex
1148 4193 1219 4236 aere
1234 4171 1292 4236 lla-

295 4278 381 4349 tum‚
401 4292 440 4333 ex
454 4268 525 4354 igne
540 4272 681 4335 calorem.
705 4273 807 4356 Caput
826 4277 892 4359 ejus
910 4281 957 4337 ost
972 4275 1133 4336 rotundum
1150 4325 1154 4344 ,
1179 4273 1210 4333 in
1231 4293 1292 4335 coe-

1153 4378 1185 4422 14
