3184 5442
549 704 666 747 cuossm
689 703 722 746 iu
745 704 794 746 ne.
822 705 863 745 no
887 704 1035 748 conium.
1247 690 1289 754 81

292 846 478 932 pradicant,
498 853 530 911 et
544 865 585 907 ex
600 866 656 908 sua
670 852 759 928 parte
777 846 865 929 plura
889 847 1061 930 respuenda
1080 849 1216 926 addant,
1230 852 1295 934 pati

293 968 360 1040 non·
366 944 486 1010 debetis
499 966 508 1009 ι
524 951 557 1008 et
571 944 620 1009 hic
634 943 740 1028 incipit
760 965 915 1028 exponere
930 945 1024 1008 illud:
1043 947 1200 1012 Modicum
1218 950 1295 1015 insi-

293 1047 435 1132 pientiae3
449 1046 488 1108 de
498 1065 560 1128 quo
569 1045 708 1128 superius
722 1045 814 1109 dixit.
841 1081 885 1093 -
909 1047 942 1107 A
956 1055 1083 1132 magnii
1094 1047 1296 1136 Apostolu.]

293 1148 325 1212 Α
339 1145 459 1230 magnis
471 1191 481 1221 ,
498 1151 613 1228 quanto
625 1144 724 1229 magis
738 1146 777 1209 ab
789 1144 838 1209 his
849 1145 904 1228 qui
918 1145 994 1208 nihil
1002 1153 1074 1209 sirnt
1085 1146 1098 1209 l
1110 1147 1294 1234 imperitus,

293 1247 342 1310 vel
371 1244 552 1309 humilitatis
576 1263 670 1308 carisa
691 1244 748 1308 hoc
771 1244 865 1318 dicit,
887 1244 936 1307 vel
957 1253 993 1308 ut
1015 1241 1142 1328 quidam
1166 1248 1292 1322 dicunt,

294 1343 448 1429 impedita
458 1341 550 1406 flierit
559 1341 685 1425 lingua,
699 1341 858 1406 seientiam
873 1342 955 1405 enim
972 1364 1097 1408 causam
1110 1343 1204 1410 luisse
1219 1347 1296 1412 dicit

227 1442 229 1447 ’
294 1444 377 1528 quod
396 1449 485 1507 tanta
503 1448 647 1525 operatus
665 1440 714 1504 sit.
739 1477 783 1489 -
806 1441 846 1503 In
865 1440 1025 1522 omnibus,
1044 1456 1105 1507 ete.
1118 1443 1130 1531 ]
1145 1445 1296 1510 Omnibus

294 1543 380 1607 vobis
400 1539 581 1606 manifestus
604 1561 688 1615 sum,
706 1541 787 1623 quod
816 1541 847 1603 in
876 1543 1016 1606 omnibus
1038 1543 1110 1608 licet
1133 1531 1294 1628 imperitiis

295 1661 455 1715 sermone,
485 1638 615 1703 scienter
640 1658 689 1701 me
711 1638 827 1711 habui,
845 1639 918 1722 quia
942 1661 1002 1703 non
1024 1643 1150 1724 peceavi
1177 1644 1209 1706 in
1235 1645 1293 1708 hoc

296 1742 378 1825 quod
388 1761 439 1804 me
447 1738 622 1811 humiliavi;
640 1739 689 1802 vel
702 1739 784 1823 quod
798 1739 895 1823 gratis
912 1740 1094 1822 predicavi,
1113 1742 1220 1818 idest,
1233 1764 1295 1808 non

295 1839 543 1925 capiensavobis
555 1844 714 1921 sumptus,
730 1840 804 1901 dum
818 1837 1025 1921 predicarem.
1040 1841 1084 1903 Et
1095 1839 1153 1905 hoc
1163 1843 1291 1924 probat,

295 1961 366 2005 nam
389 1941 430 2004 ab
452 1938 539 2012 aliis,
562 1938 680 2022 inquit,
698 1937 844 2002 Ecclesiis
864 1944 984 2001 tantum
998 1938 1157 2021 capiebam
1174 1940 1294 2023 stipen-

296 2041 394 2115 dium,
402 2040 474 2103 dum
486 2039 574 2102 vobis
582 2037 789 2121 praedicarem.
817 2073 860 2085 —
882 2035 969 2100 Nam
975 2035 1061 2123 quod
1067 2036 1144 2098 miii
1155 2037 1295 2125 deerat]

296 2138 394 2218 Quasi
423 2137 533 2220 aliquis
557 2137 691 2202 diceret:
720 2137 811 2201 Unde
841 2155 914 2221 ergo
942 2135 1083 2198 vivebasl
1109 2172 1153 2183 —
1176 2136 1216 2198 In
1234 2160 1295 2225 quo

293 2235 506 2326 gloriantw]
517 2236 602 2313 ldeo,
615 2235 728 2318 inquit,
742 2257 803 2299 non
815 2235 930 2318 accipio
940 2285 947 2305 ,
958 2241 993 2298 ut
1003 2235 1033 2297 in
1043 2255 1103 2318 quo
1115 2234 1292 2319 gloriantur,

295 2340 327 2402 id
340 2344 409 2414 est,
426 2337 458 2400 in
479 2330 653 2419 accipiendo
668 2335 880 2419 ,inveniantur
898 2334 986 2397 nobis
999 2334 1135 2398 similes:
1152 2356 1221 2400 cum
1235 2358 1293 2402 nos

296 2457 417 2523 qnoque
429 2435 503 2499 nihil
515 2435 682 2518 capiamus.
699 2435 759 2498 Vel
770 2435 839 2497 ideo
853 2455 913 2496 non
929 2434 1043 2518 accipio
1058 2481 1067 2514 ‚
1084 2435 1157 2519 quia
1169 2436 1294 2519 quidam

295 2536 528 2619 pmdicatorum
548 2533 614 2595 sine
635 2532 786 2616 stipendio
806 2533 1012 2615 praedicabant
1034 2534 1226 2598 mendacium
1239 2586 1246 2611 ,
1259 2544 1294 2600 ut

295 2634 427 2721 religiosi
437 2633 623 2706 viderentur,
641 2639 673 2695 et
691 2653 725 2695 se
745 2631 833 2695 nobis
853 2631 994 2716 praeferre
1010 2634 1138 2717 possint.
1167 2670 1207 2683 -
1231 2635 1294 2698 Ite-

296 2758 364 2799 rum
378 2730 482 2818 dieo]
497 2731 645 2815 Superius
659 2732 757 2797 dixit:
783 2731 910 2796 Utinam
923 2741 1122 2796 sustineretis
1138 2733 1293 2797 modicum

296 2833 373 2923 quid
384 2839 576 2918 insipientiae
592 2853 686 2906 meoe,
704 2830 819 2896 scilicet
832 2832 1126 2896 commendationem
1144 2833 1209 2906 sui;
1225 2854 1293 2916 quae

296 2933 425 2999 discrete
434 2930 516 2995 facta
527 2931 702 3015 insipientie
711 2931 831 2996 dicitur.
844 2932 958 2996 Iterum
969 2931 1042 2996 dicit
1051 2955 1057 2994 ε
1067 2932 1117 2995 Ne
1126 2931 1194 3014 quis
1203 2929 1295 3015 putet¹

297 3054 366 3098 eum
376 3030 589 3115 insipientem
608 3050 677 3094 cum
689 3030 747 3094 hoc
757 3052 819 3093 non
827 3050 883 3113 pro
894 3050 948 3101 se,
966 3031 1022 3092 sed
1033 3031 1074 3093 ad
1086 3029 1205 3092 illorum
1218 3030 1291 3092 aedi·

295 3133 467 3200 ficationem
495 3128 604 3195 faciat:
628 3130 760 3213 alioquin
781 3130 808 3193 si
829 3130 957 3202 volunt,
986 3135 1111 3211 putent,
1130 3129 1204 3191 dum
1226 3129 1292 3212 ipse

296 3231 455 3317 gloriatum
469 3229 874 3294 tamenadaediticationem.
900 3263 944 3275 ·-
967 3225 1288 3312 Iterumdieo.]ltem,

296 3331 411 3416 inquit,
426 3337 459 3393 et
469 3334 551 3413 saepe
559 3348 650 3391 narro
661 3328 738 3392 vitia
751 3327 889 3399 illorum;
907 3326 1025 3411 nequis
1040 3325 1167 3390 audiens
1178 3347 1228 3390 me
1241 3348 1291 3391 re-

296 3431 444 3516 darguere
462 3428 553 3500 illos,
581 3435 670 3510 putet
692 3427 895 3510 insipientem.
921 3462 965 3475 —
989 3425 1140 3514 Alioquin
1164 3425 1291 3514 velut]

296 3528 459 3596 Concessio
469 3529 605 3591 adversae
613 3529 722 3610 partia,
733 3548 802 3611 quae
816 3535 888 3592 tunc
899 3533 1107 3612 competenter
1113 3528 1159 3602 fit,
1168 3530 1291 3611 quando

296 3628 471 3694 concedenti
481 3635 595 3690 nonest
604 3626 753 3691 nocitura.
779 3663 823 3675 —-
846 3625 1292 3714 Ininsipientia.]lnsipientia

296 3738 389 3805 esset,
404 3728 550 3812 sisponte
561 3727 738 3811 gloriaretur
750 3754 757 3799 ;
775 3728 830 3790 sed
843 3728 916 3810 quia
926 3734 1061 3802 coactus,
1075 3727 1160 3810 quasi
1176 3727 1207 3790 in
1217 3728 1291 3792 insi-

296 3828 412 3912 pientia
423 3827 508 3892 dioit.
538 3865 575 3898 ,-
601 3827 641 3888 In
655 3826 716 3890 liae
727 3825 977 3914 snbstantia.]ld
989 3834 1048 3902 est,
1062 3826 1094 3889 in
1109 3827 1165 3890 hoc
1179 3847 1291 3911 genere

296 3926 487 4013 gloriaeque
501 3928 536 3991 fit
546 3925 711 3991 securrdum
726 3926 943 4009 insipientiam.
962 3963 1007 3973 —
1020 3925 1170 3988 Libenter
1179 3924 1291 4011 enim]

296 4026 399 4092 Causa
409 4046 463 4090 cur
476 4033 583 4091 contra
593 4023 745 4090 fallacium
756 4025 989 4109 praedicatorum
999 4024 1126 4110 gloriam
1136 4025 1211 4090 velit
1222 4025 1290 4111 glo·

296 4125 383 4190 riari:
396 4124 468 4208 quia
483 4125 624 4190 videlicet
635 4123 782 4189 Corinthii
796 4125 926 4189 libenter
938 4123 1076 4189 ferebant
1086 4124 1291 4207 insipientiam

296 4223 504 4299 illorum,cum
517 4223 640 4306 quidam
651 4222 783 4304 ipsorum
800 4223 831 4286 in
842 4226 936 4288 verbo
944 4223 1005 4289 Dei
1016 4223 1287 4305 sapientesessent.

1150 4329 1165 4372 o
