3184 5442
509 1490 560 1549 DE
582 1487 767 1550 currum
794 1488 1070 1554 CONFESSIONE.

339 1779 478 1862 Rogatus
508 1799 599 1862 super
627 1780 803 1863 virginitate
828 1779 935 1842 matris
957 1778 1115 1857 Ecclesia,
1134 1785 1285 1865 quomodo

293 1880 378 1964 virgo
390 1887 448 1954 est,
463 1901 530 1963 quae
542 1901 602 1941 non
612 1879 720 1954 solum,
738 1902 777 1942 ex
791 1879 971 1963 virginibus,
985 1881 1144 1945 sedetiam
1159 1903 1195 1947 es
1211 1904 1285 1946 con-

289 1980 416 2065 jugatis
435 2001 472 2043 ex
486 1980 635 2063 corruptis
649 2032 654 2055 ‚
668 1987 700 2043 et
710 1979 894 2063 incorruptis
909 2000 999 2043 came
1015 1989 1136 2045 constat
1151 2034 1157 2057 ,
1176 2004 1287 2066 negare

295 2101 355 2142 non
367 2080 456 2143 debui
474 2079 613 2144 charitati
627 2080 699 2143 dare
718 2081 756 2142 de
769 2080 945 2162 virginitate
956 2080 1175 2144 testimonium.
1190 2083 1287 2166 Virgo

294 2181 373 2243 enim
391 2192 449 2256 est,
469 2188 501 2244 et
516 2201 587 2244 vere
603 2181 688 2264 virgo
702 2205 708 2253 ;
734 2201 804 2243 nam
822 2181 848 2243 si
861 2181 1034 2243 intueamur
1045 2182 1076 2244 in
1096 2183 1218 2265 speculo
1233 2206 1289 2267 pu·

294 2281 392 2344 ritatis
406 2289 438 2344 et
449 2280 598 2352 veritatis
624 2289 655 2343 et
669 2301 740 2343 vere
753 2280 839 2365 virgo
851 2280 1015 2364 imaginem
1029 2281 1145 2345 habens
1157 2283 1284 2368 virgini-

294 2381 377 2459 tatis,
402 2382 484 2463 quod
500 2388 547 2443 est
562 2400 652 2442 carne
663 2381 755 2443 beata
769 2379 866 2463 Virgo
881 2379 992 2453 Maria,
1008 2390 1106 2446 mater
1124 2390 1172 2445 est
1185 2383 1288 2448 Eccle-

295 2480 340 2544 sia
361 2479 556 2545 conscientia.
578 2478 675 2562 Cujus
693 2481 736 2543 rei
761 2481 792 2542 in
815 2481 927 2543 lineam
955 2481 1044 2545 citius
1065 2482 1233 2568 dirigimus,
1262 2485 1288 2548 si

294 2590 425 2664 quatuor
452 2580 657 2644 ecclesiastica
680 2592 873 2644 sacramenta
896 2581 1058 2664 diligenter
1087 2584 1284 2666 inspicimus,

295 2682 396 2756 fidem,
413 2680 610 2764 baptismum,
632 2681 785 2745 Dominici
805 2681 939 2762 corporis
956 2689 987 2742 et
1007 2683 1163 2764 sanguinis
1178 2704 1286 2746 conse-

295 2781 471 2855 crationem,
489 2790 684 2864 peccatorum
701 2780 920 2843 remissionem.
937 2779 1015 2841 Fide
1035 2781 1114 2843 enim
1130 2791 1178 2844 est
1194 2793 1291 2845 mater

294 2881 433 2945 Ecclesia
448 2881 529 2964 quod
557 2889 605 2943 est
630 2902 721 2944 carne
744 2883 835 2944 beata
856 2879 967 2952 Maria,
996 2879 1069 2961 quia
1089 2880 1171 2961 quod
1192 2881 1245 2943 illa
1260 2887 1290 2943 in

294 2981 412 3065 Spiritu
426 2982 540 3046 Sancto
561 2982 711 3064 concepit,
728 2981 789 3044 ista
804 2980 834 3041 in
845 2979 962 3063 Spiritu
979 2978 1092 3043 Sancto
1105 2980 1210 3043 credit.
1229 2981 1291 3044 sa·

295 3082 458 3146 oramentis
469 3080 625 3164 baptismi,
642 3080 799 3145 Dominici
810 3080 943 3162 corporis
960 3087 991 3142 et
1009 3079 1164 3162 sanguinis
1180 3100 1289 3162 pecea-

295 3190 393 3245 torum
409 3179 605 3245 confessionis
627 3180 725 3249 divisa
742 3200 802 3241 non
815 3187 879 3250 est3
910 3188 941 3240 et
956 3177 1028 3260 quia
1041 3198 1113 3240 vere
1128 3199 1198 3251 una,
1216 3199 1290 3241 vere

296 3281 457 3366 estvirgo;
478 3280 549 3363 quia
565 3281 663 3343 omnis
677 3280 774 3363 virgo,
800 3299 838 3340 ex
853 3299 889 3340 eo
905 3279 986 3361 quod
1003 3277 1088 3361 virgo
1108 3288 1165 3352 est,
1185 3279 1215 3338 in
1230 3280 1289 3341 duo

296 3382 389 3444 dividi
406 3403 467 3444 non
477 3389 590 3464 potest,
606 3379 718 3442 etenim
732 3399 803 3444 caro
819 3398 887 3461 quae
898 3377 984 3462 virgo
999 3387 1066 3451 est,
1089 3376 1221 3459 perfecte
1242 3391 1289 3441 est
1306 3460 1312 3468 ο

296 3483 396 3566 virgo;
426 3482 527 3546 Beata
543 3502 614 3564 ergo
627 3489 725 3545 mater
736 3478 876 3544 Ecclesia
889 3499 951 3540 una
962 3478 1128 3560 eademque
1143 3477 1173 3539 in
1192 3499 1290 3541 sacra-

296 3583 417 3655 mentis,
438 3591 469 3645 et
484 3582 554 3654 fide,
571 3581 642 3644 dum
657 3580 730 3642 nihil
755 3588 928 3661 corruptum
952 3577 982 3639 in
1004 3577 1197 3653 conscientia,
1212 3579 1290 3642 sicut

296 3702 351 3745 nec
365 3683 450 3766 virgo
465 3681 524 3745 Dei
536 3679 679 3744 Genitrix
697 3678 829 3762 petitum
856 3686 891 3739 ut
905 3675 957 3738 illa
968 3675 999 3737 in
1011 3696 1146 3757 corpore,
1164 3676 1208 3738 ita
1222 3677 1290 3760 ipsa

247 3852 255 3863 ‚
297 3802 416 3865 quoque
442 3803 532 3844 sensu
545 3781 631 3865 virgo
652 3790 710 3844 est.
726 3780 762 3842 In
783 3779 873 3863 hujus
893 3776 997 3859 itaque
1016 3775 1200 3861 virginitatis
1217 3800 1289 3861 spe-

297 3886 363 3948 culo
383 3886 423 3948 ad
435 3886 610 3948 intuendam
626 3884 735 3948 faciem
749 3883 889 3946 veritatis
909 3882 940 3944 in
955 3882 1154 3945 sacramentis
1172 3882 1290 3947 confes-

297 3986 389 4049 sionis
405 3986 540 4048 nonnulli
553 3994 586 4048 et
605 3986 687 4068 quod
699 3984 823 4068 gravius
835 3992 893 4056 est,
913 3983 965 4066 qui
977 3982 1140 4066 imaginem
1151 3982 1292 4045 videntur

297 4087 407 4149 habere
417 4085 582 4171 religionis,
596 4086 742 4170 caligant,
760 4106 827 4167 quae
848 4083 1021 4167 diligentius
1040 4083 1228 4152 intueamur;
1260 4089 1292 4141 et

298 4208 386 4249 omne
402 4187 484 4269 quod
507 4206 599 4248 unum
622 4206 681 4246 non
708 4195 754 4245 est
781 4184 810 4244 in
834 4192 940 4245 sancta
960 4180 1117 4253 Ecclesia,
1147 4181 1185 4240 ab
1205 4179 1291 4241 oculo

299 4287 618 4348 ventatisovanescat.
