3184 5442
475 677 517 740 18
859 695 890 736 n.
917 692 1091 736 muuaaucr

473 844 558 898 mino
576 836 640 897 Deo
659 846 788 898 vestro:
803 839 878 920 quia
893 831 980 895 dedit
992 830 1085 895 vobis
1102 830 1260 895 doctorem
1263 835 1421 918 justitioe,·
1435 839 1468 895 et

474 937 569 998 multa
584 935 653 998 alia.
676 969 720 982 -
742 931 1468 1017 Praedestinatuleatarihominespraedesti·

425 1092 427 1097 .
472 1034 538 1100 nati
549 1040 620 1096 sunt
628 1041 664 1096 ut
674 1032 746 1096 Filii
755 1031 816 1096 Dei
828 1039 930 1095 esseut
950 1052 1005 1115 per
1015 1031 1156 1115 gratiam.
1170 1032 1233 1095 Hie
1244 1038 1347 1095 autem
1362 1031 1467 1094 Chris·

429 1206 436 1210 -
473 1142 524 1198 tus
544 1139 578 1196 ut
592 1131 690 1196 Filius
703 1131 761 1194 Dei
778 1138 882 1200 esset.
899 1130 930 1192 in
947 1130 1062 1195 virtute
1081 1130 1250 1194 divinitatis
1267 1130 1328 1194 Dei
1343 1152 1405 1214 qua
1418 1152 1470 1195 as-

472 1239 613 1316 sumptus
633 1238 702 1295 est:
725 1251 793 1315 quae
811 1231 910 1295 virtus
924 1281 931 1305 ,
947 1229 1044 1293 Filius
1057 1230 1117 1295 Dei
1136 1238 1201 1304 est,
1218 1229 1251 1292 id
1269 1236 1317 1293 est
1332 1231 1470 1294 Verbum

471 1331 587 1395 Patris.
608 1365 653 1378 -
675 1329 862 1418 Secundum·
873 1329 1027 1414 Spiritum
1037 1328 1313 1414 sanctificationis.
1328 1328 1470 1414 ]Secuu-

473 1429 546 1493 dum
560 1430 643 1514 quod
658 1428 772 1513 placuit
787 1427 917 1511 Spiritui
934 1426 1036 1491 omnia
1049 1427 1262 1491 sanctificanti.
1286 1464 1326 1477 -
1349 1429 1406 1491 Ex
1420 1451 1471 1490 re-

471 1535 680 1591 surrectione.
693 1527 705 1613 ]
719 1528 780 1591 Per
798 1528 855 1591 hoc
870 1525 1097 1590 evidentissime
1108 1526 1269 1607 probatum
1285 1533 1348 1602 est,
1365 1526 1471 1592 Chris-

475 1632 541 1688 tum
555 1627 663 1689 Jesum
682 1646 789 1690 verum
808 1626 929 1704 Deum,
946 1634 980 1690 et
993 1644 1065 1689 vere
1080 1623 1142 1688 Dei
1155 1625 1268 1689 Filium
1291 1647 1358 1690 esse
1373 1649 1380 1688 :
1400 1625 1473 1708 quia

474 1723 573 1788 multa
586 1745 714 1809 corpora
728 1726 968 1791 surrexeumtin
977 1727 1044 1811 ejus
1058 1727 1292 1792 resurrectione.
1306 1725 1376 1792 Nisi
1391 1725 1472 1788 enim

473 1839 566 1888 verus
575 1823 662 1890 Deus
677 1832 780 1901 essct.
793 1831 861 1891 tam
880 1846 1026 1911 magnum
1048 1831 1082 1889 at
1106 1826 1276 1891 inauditum
1295 1825 1473 1887 miraculum

473 1919 573 1988 facere
591 1945 652 1988 non
663 1931 777 2007 posset.
804 1961 849 1975 -
872 1926 909 1987 V
905 1931 1017 1987 ocutis.
1030 1922 1042 2008 ]
1055 1923 1091 2010 Id
1105 1930 1171 1997 est,
1188 1922 1293 1984 adhoc
1301 1920 1421 1994 vocati,
1438 1928 1475 1981 ut

474 2021 543 2088 sitis
555 2023 672 2088 Sancti.
696 2024 739 2086 Et
756 2022 801 2086 sic
819 2023 851 2084 in
868 2023 986 2086 caeteris
1000 2019 1173 2104 hujusmodi
1189 2016 1397 2097 accipiendum
1410 2025 1469 2080 est,

472 2157 517 2168 —
543 2119 690 2205 Gratia]
703 2119 854 2182 Remissio
865 2124 1070 2201 peccatorum.
1095 2151 1140 2164 -
1157 2115 1204 2177 Et
1211 2136 1295 2199 pac.
1309 2113 1321 2199 ]
1334 2115 1406 2193 Qua
1420 2137 1474 2180 re·

473 2218 667 2282 conciliamur
673 2216 822 2280 Creatori.
834 2216 895 2280 Vel
908 2213 1104 2278 observantia
1114 2215 1264 2277 bonorum
1273 2234 1411 2297 operum,
1420 2236 1476 2298 per

476 2313 1099 2398 quampaxestinterDeumethomiuem„
1123 2349 1163 2360 -
1190 2313 1475 2400 Etprolrib.sum.]

477 2414 575 2492 Quasi
589 2411 699 2497 aliquis
716 2412 850 2487 diceret;
867 2412 1016 2477 siDeum'
1029 2432 1120 2498 rogas
1143 2418 1178 2477 ut
1192 2412 1315 2487 venias;
1331 2413 1358 2477 si
1375 2413 1476 2478 inces-

477 2520 580 2577 santer
603 2511 707 2576 venire
730 2510 903 2584 desideras;
926 2531 980 2575 cur
992 2532 1054 2574 non
1067 2509 1170 2575 venial
1187 2511 1370 2574 Prohibitus
1391 2534 1472 2585 sum,

478 2610 596 2694 inquit„
609 2607 829 2699 usqueadlwc.
846 2645 887 2661 -
914 2610 948 2672 V
947 2616 1030 2674 inus
1038 2614 1134 2674 enim.
1143 2609 1156 2696 ]
1165 2609 1268 2676 Causa
1278 2633 1331 2676 cur
1338 2633 1398 2674 non
1410 2632 1476 2674 eru-

480 2710 577 2774 bescit
595 2708 818 2795 Evangelium:
844 2707 1003 2786 videlicet,
1026 2709 1098 2794 quia
1119 2709 1218 2774 virtus
1240 2710 1301 2775 Dei
1322 2720 1370 2775 est
1391 2710 1472 2773 omni

480 2810 613 2876 credenti
627 2808 815 2894 Evangeli0;
835 2827 891 2893 per
908 2828 1001 2892 quam
1015 2816 1048 2873 et
1068 2816 1196 2893 peccata
1209 2809 1424 2883 remittuntur;
1442 2816 1473 2873 et

480 2929 549 2974 eum
563 2929 612 2973 res
627 2907 723 2993 exigit
735 2957 743 2983 ‚
756 2906 902 2973 miracula
914 2908 1003 2971 fiunt.
1027 2942 1067 2957 ·-
1092 2906 1215 2972 Judoeo.
1227 2907 1239 2995 ]
1252 2909 1314 2974 Per
1331 2910 1473 2974 Judaeum

480 3017 513 3074 et
527 3009 670 3075 Graecum
680 3029 786 3073 omnes
798 3015 907 3095 gentes
920 3008 1108 3094 intelligere,
1123 3017 1242 3092 aparte
1256 3016 1354 3074 totum
1363 3008 1471 3072 voluit.

484 3145 524 3160 -
547 3110 690 3174 Iustitia.
705 3107 717 3196 ]
731 3108 805 3174 Alia
815 3129 908 3174 carasa
917 3128 970 3173 cur
980 3128 1040 3171 non
1054 3109 1229 3182 erubescat;
1248 3108 1320 3191 quia
1331 3110 1362 3172 in
1377 3129 1414 3172 eo
1425 3128 1474 3171 re-

481 3209 602 3274 velatur
612 3209 741 3294 qualiter
755 3209 843 3273 Deus
858 3209 959 3294 justos
971 3205 1066 3272 faciat
1081 3210 1239 3272 credentes
1253 3228 1293 3270 ex
1307 3209 1367 3271 fide
1377 3207 1475 3271 Vete-

482 3307 525 3370 ris
538 3307 743 3381 Testamenti,
764 3327 826 3388 qua
842 3327 923 3369 unus
939 3307 1024 3370 Deus
1040 3306 1234 3381 credebatur,
1251 3306 1426 3389 proficiente
1443 3307 1475 3367 in

482 3407 573 3471 fidem
589 3406 675 3471 Novi
694 3404 885 3470 Testamenti
890 3430 902 3484 ,·
917 3426 980 3488 qua
993 3406 1103 3480 Pater,
1123 3411 1156 3470 et
1170 3404 1281 3478 suits,
1296 3413 1328 3468 et
1343 3405 1477 3488 Spiritus

482 3511 622 3581 sauctus,
634 3525 714 3568 uuus
727 3512 759 3570 et
775 3504 887 3569 Trinus
903 3503 990 3568 Deus
1005 3503 1152 3575 creditum
1170 3509 1206 3566 ut
1224 3523 1265 3565 ex
1283 3502 1343 3564 fide
1358 3522 1476 3564 armun-

482 3602 589 3669 tiautis
598 3603 774 3689 proficiente
783 3603 915 3668 infidam
925 3604 1097 3668 credentis:
1112 3601 1162 3664 vel
1177 3621 1218 3664 ex
1229 3600 1290 3664 lide
1300 3601 1473 3676 verborum,

482 3704 516 3767 iu
527 3705 621 3768 fldem
632 3724 745 3769 rarum.
771 3739 812 3754 ·-
835 3703 1070 3767 lustusamans.
1081 3698 1391 3789 lnocinabacuca.
1405 3718 1473 3783 cap.

482 3803 651 3887 repetitur:
668 3803 777 3866 Iustus
792 3815 896 3866 autem
920 3811 954 3866 iu
965 3803 1034 3886 fide
1047 3825 1108 3865 sua
1128 3808 1222 3864 vivit.
1245 3801 1317 3864 Hoc
1336 3799 1476 3864 testimo·

483 3903 567 3967 nium
581 3910 613 3967 et
623 3902 683 3966 alia
692 3903 839 3986 plurima,
854 3923 923 3986 quae
934 3902 966 3966 in
975 3908 1121 3968 contextu
1130 3901 1338 3984 Epistularum
1353 3921 1477 3965 suarum

482 4002 654 4085 Apostolus
672 4003 773 4085 ponit,
797 4024 817 4067 a
834 4002 1034 4090 translatione
1051 4000 1193 4066 veritatis
1211 4001 1391 4077 Hebraicae,
1418 4021 1479 4084 qua

483 4121 563 4166 mura
585 4102 715 4174 utimur.
742 4102 813 4166 ideo
836 4101 1008 4167 discordare
1025 4101 1193 4166 videntur:
1220 4101 1292 4184 quia
1316 4101 1479 4184 aliquando

484 4202 682 4267 auctoritates
697 4209 769 4266 suut
788 4222 808 4265 a
826 4202 1024 4267 translatione
1043 4201 1239 4285 septuaginta
1257 4203 1474 4284 Interpretum.
