3184 5442
393 717 453 776 lio·
542 736 570 774 o.
597 733 770 775 muranum
794 733 912 774 rinossrn
936 733 968 773 uu
994 734 1041 773 nr.
1069 733 1109 773 in
1133 732 1224 774 unna.

389 874 455 958 ejus
473 894 492 935 a
507 873 640 956 peccatis
655 873 794 936 mundari
809 873 964 952 volumus,
979 872 1161 955 improperia
1179 879 1211 934 et
1226 873 1392 956 angustias

389 974 525 1055 passuri,
549 973 735 1036 tabernaculi
761 971 884 1035 delicias
906 972 1091 1034 deseramus
1116 1006 1156 1018 -
1187 970 1392 1056 Confidimuc

389 1080 483 1135 enim.
496 1071 507 1157 ]
518 1071 620 1136 Causa
634 1094 686 1136 cur
701 1081 788 1135 orent
802 1093 857 1154 pro
870 1093 918 1148 e0,
931 1071 1072 1136 videlicet
1087 1073 1168 1154 quod
1182 1073 1296 1134 bonam
1311 1093 1389 1135 con-

390 1172 547 1236 scientiam
557 1180 589 1236 et
600 1173 639 1235 ad
651 1194 703 1236 eos
718 1179 751 1235 et
764 1174 804 1235 ad
821 1192 926 1236 omnes
936 1172 1077 1236 habeant.
1093 1208 1133 1220 -
1143 1173 1184 1234 In
1194 1173 1392 1258 sanguina]

389 1272 576 1357 Sanguinem
589 1295 673 1337 more
684 1295 740 1337 suo
752 1281 843 1337 vocat
855 1280 1002 1348 mortem,
1020 1294 1075 1356 per
1091 1295 1185 1357 quam
1195 1273 1338 1338 Christus
1350 1276 1392 1337 de

391 1375 517 1438 mortuis
537 1376 714 1438 resurrexit.
734 1374 805 1438 Nisi
828 1374 909 1437 enim
931 1382 1118 1447 moreretur,
1134 1396 1191 1438 nec
1215 1375 1255 1437 ad
1275 1374 1393 1438 inferos

391 1474 598 1550 descenderet,
608 1471 819 1538 necabinferis
832 1475 1019 1539 ascenderet.
1048 1511 1088 1522 -
1112 1474 1393 1560 AEterni.]AEter-

391 1596 464 1638 num
480 1576 596 1637 duobus
612 1574 719 1638 dicitur
733 1574 848 1653 modis,
865 1582 898 1639 et
914 1575 996 1657 quod
1015 1575 1101 1638 initio
1118 1584 1150 1639 et
1163 1577 1224 1640 fine
1237 1585 1338 1649 caret;
1359 1588 1393 1640 et

393 1677 475 1757 quod
489 1682 609 1738 tantum
625 1675 778 1758 usquead
796 1676 888 1737 finem
902 1675 1002 1739 saeculi
1019 1682 1201 1757 permanet:
1220 1677 1392 1740 secundum

394 1797 485 1858 quam
498 1775 748 1859 significationem
763 1782 908 1838 aetemum
925 1775 974 1838 hic
991 1775 1129 1857 ponitur,
1144 1788 1176 1839 et
1189 1795 1245 1858 per
1257 1777 1394 1862 Moysen

394 1876 502 1940 dicitur
517 1897 525 1938 :
546 1877 697 1938 Dominus
707 1873 852 1961 regnabit
862 1883 895 1936 iri
904 1887 1067 1952 oeterruim,
1079 1888 1109 1936 et
1119 1874 1212 1937 ultra.
