3184 5442
550 756 757 800 euucmnnluu
782 760 849 800 sna
873 758 1031 799 unrocus.
1224 734 1286 796 Qssl

338 893 393 955 21.
408 893 477 954 'Ad
488 895 566 981 quid
578 899 745 983 sacrificia
762 899 879 985 legalia
895 921 906 975 ‚·
922 911 952 959 et
968 897 1007 958 (le
1023 900 1147 982 origine
1159 895 1256 957 idolol
1278 933 1291 942 -

293 1000 374 1054 trz'oe.
819 1054 823 1061 ,

337 1095 379 1156 D.
407 1094 467 1157 Cur
490 1095 638 1159 concessit
659 1100 745 1161 Deus
763 1099 879 1176 Judaeis
900 1098 1011 1181 legalia
1034 1096 1195 1169 sacrificia,
1223 1117 1291 1159 curn

292 1214 353 1254 non
369 1193 521 1257 auferrent
536 1199 678 1278 peccatal
696 1234 737 1245 -
755 1199 801 1261 M.
818 1199 868 1260 Ne
880 1197 969 1258 idolis
980 1196 1182 1268 immolarent,
1200 1216 1290 1278 quem

294 1292 385 1355 ritum
397 1293 427 1354 in
443 1294 587 1379 AEgypto
603 1296 695 1378 positi
711 1297 893 1361 didicerant.
913 1296 985 1358 Ideo
1002 1294 1096 1357 etiam
1111 1301 1197 1358 tanto
1213 1303 1292 1358 tem-

294 1413 367 1473 pore
379 1393 582 1457 circumduxit
597 1418 651 1459 eos
661 1418 716 1479 per
732 1419 881 1469 eremum,
895 1407 930 1459 ut
945 1397 1023 1458 hunc
1038 1416 1152 1457 morem
1168 1394 1291 1457 oblivis·
1408 1479 1413 1486 ι

294 1500 433 1554 cerentur
446 1517 453 1566 ;
467 1501 498 1555 et
508 1504 634 1578 propter
649 1498 748 1570 aliud;
770 1499 848 1561 sicut
859 1498 880 1560 J
881 1497 1009 1562 uda'icus
1027 1494 1156 1577 populus
1177 1480 1292 1559 eratin

294 1592 400 1674 figura,
419 1593 480 1655 imo
494 1596 601 1657 umbra
616 1596 781 1660 Christiani
800 1597 921 1680 populi;
943 1596 988 1658 ita
1010 1595 1041 1656 in
1064 1595 1170 1656 eodem
1189 1594 1292 1656 debuit

295 1693 464 1773 praecedere
480 1696 589 1757 umbra
607 1697 669 1758 veri
693 1698 842 1774 sacrificii,
865 1705 899 1759 ut
918 1697 946 1757 in
968 1694 1107 1758 Paschali
1126 1694 1229 1777 Agilo,
1244 1694 1293 1756 vel

295 1791 361 1852 rufa
382 1791 490 1867 vitula,
513 1795 561 1855 vel
584 1793 679 1858 hirco.
705 1796 873 1878 Postquam
898 1804 1000 1857 autem
1023 1793 1161 1856 Christus
1180 1793 1293 1855 veritas

294 1891 379 1953 venit
398 1891 470 1954 dare
488 1893 746 1973 benedictionem,
767 1895 819 1977 qui
838 1896 934 1979 legem
958 1893 1093 1966 dederat,
1118 1892 1293 1955 umbraticis

293 1991 400 2054 hostiis
414 1993 504 2053 finem
522 1992 685 2075 imposuit;
705 2003 736 2058 et
750 1995 904 2078 singulare
921 1993 1111 2067 sacrificium,
1132 1994 1213 2077 quod
1234 2014 1290 2054 au·

293 2089 352 2153 fert
367 2098 503 2173 peccata,
519 2093 653 2174 seipsum
667 2091 795 2156 offerens
811 2093 954 2156 instituit.

337 2192 379 2253 D.
394 2190 472 2255 Cum
484 2191 622 2253 homines
631 2214 692 2255 non
705 2193 839 2256 colerent
849 2194 907 2257 nisi
918 2214 1012 2256 unum
1025 2193 1124 2256 Deum
1138 2194 1176 2255 ab
1190 2193 1288 2267 initio,

293 2291 373 2352 unde
383 2290 633 2373 coepitidolorum
644 2293 970 2376 culturaesuperstitiol
986 2330 1025 2341 -
1035 2293 1081 2355 M.
1092 2293 1187 2375 Apud
1196 2293 1291 2355 Babel

293 2389 384 2453 turris
400 2389 570 2473 Gigantum
587 2399 695 2454 exorta
713 2393 825 2476 legitur
848 2418 853 2454 :
876 2395 963 2479 cujus
983 2393 1111 2456 altitudo
1132 2392 1293 2476 sexaginta

293 2496 422 2574 quatuor
434 2490 600 2553 stadiorum
612 2490 704 2554 fuisse
721 2492 817 2556 fertur
835 2519 841 2556 :
860 2495 891 2556 in
908 2516 969 2577 qua
983 2495 1099 2577 primus
1115 2494 1184 2557 Rex
1199 2494 1287 2579 hujus

293 2589 410 2664 mundi,
424 2590 586 2664 Nemroth‚
602 2598 633 2652 et
644 2598 753 2672 postea
761 2593 874 2665 Ninus,
889 2593 1045 2677 regnavit;
1062 2593 1115 2676 qui
1127 2593 1200 2655 Belo
1211 2593 1291 2676 patri

293 2710 348 2752 suo
363 2688 526 2772 imaginem
538 2687 662 2763 iaciens,
678 2699 811 2754 cunctos·
819 2692 874 2754 sibi
890 2693 1067 2777 subjugatos
1082 2713 1151 2754 eam
1166 2693 1292 2754 adorare

293 2788 465 2872 imperavit,
483 2810 572 2871 quem
589 2797 658 2872 post
673 2791 725 2852 alii
738 2791 848 2854 imitati
861 2791 961 2854 charis
973 2791 1047 2862 suis,
1057 2797 1111 2852 aut
1120 2797 1292 2872 praepoten-

293 2889 374 2950 tibus
399 2888 538 2970 regibu5‚
562 2890 689 2951 mortuis
709 2892 790 2953 idola
810 2891 960 2963 fecerunt,
983 2912 1051 2972 quae
1068 2889 1177 2973 vulgus
1195 2888 1292 2952 colere

292 2987 502 3070 compulerunt
518 3012 523 3049 :
539 2995 573 3050 ut
591 2987 753 3052 Cretenses
773 3011 829 3052 suo
848 2989 913 3073 regi
930 2988 1018 3063 Jovi,
1038 2996 1070 3051 et
1085 2987 1291 3051 Athenienses

292 3087 431 3169 Cecropi,
450 3087 552 3150 Latini
563 3088 654 3158 Jano‚
669 3087 802 3151 Romani
813 3088 957 3161 Romulo,
976 3089 1055 3150 unde
1070 3087 1199 3149 dicitur:
1274 3097 1278 3106 '

448 3209 551 3257 Primus
564 3209 590 3257 in
605 3210 667 3258 orbe
682 3213 751 3260 Deos
765 3211 827 3261 fecit
839 3211 926 3260 timor.

292 3309 454 3372 Daemones
466 3329 538 3370 vero
550 3308 694 3374 formulas
706 3310 870 3384 intrabant,
884 3318 916 3373 et
927 3309 1071 3393 populum
1084 3329 1138 3392 per
1149 3328 1292 3389 responsa

294 3410 472 3471 seducentes
484 3408 688 3471 ludificabant.

339 3508 379 3570 D.
397 3507 459 3570 Ubi
471 3507 528 3570 fuit
538 3507 653 3570 Babell
669 3543 708 3555 -
722 3509 768 3570 M.
783 3497 893 3573 Inlooo
904 3510 934 3570 in
946 3529 1006 3591 quo
1021 3528 1100 3570 nunc
1114 3514 1162 3569 est
1179 3527 1291 3589 magna

294 3606 475 3690 Babylonia,
494 3628 585 3689 quam
601 3608 639 3669 de
654 3607 749 3669 latere
764 3617 796 3671 et
815 3609 962 3673 bitumine
974 3606 1143 3672 construxit
1154 3605 1290 3671 Semira-

294 3705 351 3767 mis
361 3706 465 3789 regina
480 3731 485 3767 :
502 3714 537 3768 ut
557 3705 667 3768 lateres
679 3705 752 3788 igni,
767 3707 903 3770 bitumen
913 3728 1001 3790 aquae
1013 3706 1178 3768 resisteret.
1197 3702 1291 3789 Cujus

293 3804 512 3888 longitudinem
530 3814 561 3867 et
578 3805 770 3868 latitudinem
789 3829 843 3888 per
859 3807 1020 3890 sexaginta
1033 3804 1171 3868 milliaria
1183 3811 1290 3866 exten-

294 3903 376 3966 disse
392 3905 511 3979 dicitur,
536 3904 614 3966 muri
633 3924 706 3966 vero
730 3905 924 3968 latitudinem
939 3904 1160 3987 quinquaginta
1174 3903 1290 3965 cubito·
1354 3909 1356 3914 '

294 4023 371 4074 rum,
390 4004 580 4066 altitudinem
595 4004 793 4067 ducentorum
808 4007 980 4068 cubitorum
996 4005 1169 4067 extruxisse
1184 4001 1288 4065 fertur.

294 4102 327 4162 ln
343 4103 398 4165 hac
412 4103 537 4165 civitate
550 4100 719 4163 idololatria
731 4103 859 4185 coepisse
874 4104 1063 4186 perhibetur.
1082 4103 1116 4166 In
1129 4103 1185 4164 hac
1199 4102 1291 4164 etiarn

293 4202 502 4265 Antichristus
519 4200 689 4263 nasciturus
706 4199 814 4276 fertur,
833 4214 866 4265 ut
881 4203 990 4266 dicitur
1010 4227 1015 4263 z
1040 4235 1052 4255 «ι
1069 4204 1118 4265 De
1134 4202 1293 4283 Babylone

294 4299 400 4364 colube
426 4303 533 4377 exibit,
554 4301 604 4382 qui
622 4308 720 4364 toturn
740 4304 886 4365 mundum
903 4303 1071 4365 devorabit.
1085 4334 1096 4351 υ
