3184 5442
171 806 174 811 ⁴
292 730 358 792 '288
671 749 700 788 o.
730 748 904 790 inormiter

293 909 367 970 poro
379 908 483 949 eorum
497 886 678 949 vestimento
690 886 811 964 salutis,
823 893 854 948 et
866 886 984 948 animas
995 905 1098 947 eorum
1111 884 1289 947 indumento

292 986 414 1049 laetitiae.
431 989 474 1048 Et
486 985 564 1048 siout
576 985 624 1048 hic
638 994 711 1048 sunt
726 986 847 1049 diversa
859 1005 971 1069 genera
981 983 1090 1048 florum
1104 1035 1110 1058 ,
1122 992 1158 1046 ut
1174 983 1208 1045 in
1222 983 1290 1046 liliis

293 1086 412 1159 oibedo,
428 1096 459 1148 et
470 1086 501 1148 in
512 1086 589 1148 rosis
601 1086 728 1149 rubedo:
740 1087 785 1150 ite
800 1087 921 1149 diversa
931 1085 1030 1168 gratia
1041 1084 1178 1147 colorum
1192 1083 1289 1147 eredi-

294 1196 343 1249 tur
360 1183 424 1248 fore
444 1186 475 1248 in
493 1188 668 1268 corporibus
680 1187 880 1259 Sanctorum,
897 1194 932 1248 ut
950 1185 1043 1248 alium
1057 1185 1191 1248 colorem
1208 1204 1289 1246 mar-

296 1292 393 1366 tyres
408 1282 500 1344 olium
512 1282 645 1345 habeant
656 1282 804 1366 virgines;
819 1292 851 1346 et
862 1283 924 1346 haeo
934 1303 990 1365 pro
1002 1280 1197 1345 vestimentis
1207 1301 1290 1363 repu-

294 1385 451 1446 tabuntur.

342 1678 394 1740 17.
423 1679 471 1739 Do
485 1687 667 1763 operatione
683 1692 713 1740 et
725 1677 844 1763 gaudio
858 1677 1027 1739 beatorum.

340 1779 380 1842 D.
408 1779 541 1841 Possunt
560 1779 688 1841 libenter
711 1776 810 1842 facere
833 1778 913 1860 quod
934 1777 1059 1839 voluntt
1075 1813 1117 1823 -
1140 1777 1186 1838 M.
1209 1775 1291 1838 Nihil

297 1878 354 1947 nisi
369 1880 481 1941 bonum
495 1879 616 1951 volunt,
631 1880 698 1941 ideo
716 1878 861 1961 quioquid
880 1878 1000 1956 volunt,
1016 1876 1110 1939 libere
1130 1886 1243 1960 egunt;
1261 1883 1291 1937 et

295 1979 466 2062 ubicunque
477 1999 546 2042 esse
557 1979 673 2049 volunt,
686 1979 751 2040 sine
766 1998 852 2041 mora
862 1978 904 2040 ibi
916 1986 996 2040 sunt.

342 2082 381 2144 D.
407 2079 489 2157 Quid
506 2079 685 2162 operanturt
709 2115 748 2126 -
767 2079 814 2141 M.
835 2079 969 2156 Vocant,
990 2085 1021 2140 et
1044 2077 1151 2141 vident
1169 2078 1287 2150 Deum,

301 2216 313 2235 ιι
330 2181 401 2245 etin
413 2180 523 2242 saeoulo
535 2179 710 2249 saeoulorum
726 2178 852 2239 laudent
864 2198 944 2239 eum.
960 2209 972 2228 ιι

340 2281 381 2343 D.
408 2281 483 2356 Quae
501 2286 548 2342 est
566 2279 700 2342 laudatio
717 2277 917 2342 Sanctorumt
934 2314 971 2324 -
986 2278 1033 2344 Μ.
1052 2277 1155 2341 Deum
1172 2283 1291 2338 sanctos

297 2381 338 2443 ibi
353 2381 476 2442 laudare
488 2387 536 2441 est
548 2388 667 2443 tantum
680 2379 718 2441 de
728 2379 844 2442 visione
858 2379 915 2441 Dei
927 2379 1070 2462 gaudere.

341 2479 383 2540 D.
407 2477 617 2540 Recordentur
635 2479 784 2540 malorum
802 2500 869 2559 quae
888 2478 1058 2560 incorpore
1080 2477 1289 2560 patiebanturt

300 2614 338 2624 -
353 2577 398 2639 Μ.
417 2574 562 2638 Omnium
579 2577 788 2640 recordantur.

341 2674 382 2736 D.
409 2671 480 2734 Non
502 2672 615 2736 habent
629 2674 700 2736 inde
718 2676 873 2738 doloremt
890 2711 930 2722 -
943 2676 988 2737 M.
1011 2675 1078 2737 Imo
1098 2675 1198 2760 majus
1217 2696 1291 2758 gou-

299 2774 382 2836 dium
398 2773 568 2848 habebunt,
582 2775 664 2857 quod
682 2775 745 2838 hoec
766 2776 868 2837 omnia
882 2775 1078 2837 devicerunt:
1092 2775 1172 2837 siout
1187 2777 1295 2858 aliquis

300 2874 351 2957 qui
365 2873 436 2936 olim
449 2875 614 2956 periculum
627 2875 697 2937 belli
713 2875 828 2946 evasit,
844 2883 875 2937 et
891 2875 947 2938 hoo
959 2882 1030 2957 post
1042 2875 1180 2958 gaudens
1191 2876 1296 2940 amicis

299 2982 413 3037 narrat.

344 3076 385 3139 D.
411 3075 510 3157 Super
519 3075 710 3137 altitudinem
722 3082 811 3138 terroe
820 3075 941 3139 sustulit
951 3096 1000 3137 me
1011 3083 1066 3138 tua
1077 3095 1172 3138 aurea
1180 3076 1296 3160 lingua.

300 3177 391 3238 Nune
407 3175 470 3249 eia,
486 3174 533 3236 dio
549 3174 622 3236 mihi
644 3174 764 3237 illorum
784 3175 914 3259 gaudini
935 3211 977 3221 -
991 3175 1035 3237 M.
1048 3174 1173 3237 Gaudia
1192 3175 1301 3261 itaque

301 3276 483 3358 Sanctorum
495 3284 594 3348 erunt,
615 3306 627 3326 ιι
641 3296 709 3358 quae
721 3276 824 3339 oculus
834 3297 894 3338 non
907 3274 994 3348 vidit,
1007 3295 1063 3337 nec
1073 3273 1156 3337 auris
1167 3277 1299 3351 audivit,

301 3397 356 3439 neo
371 3375 402 3438 in
416 3396 467 3438 oor
481 3375 610 3438 hominis
630 3375 780 3451 ascendit,
799 3397 867 3457 quae
882 3374 1066 3459 praeparavit
1078 3375 1163 3437 Deus
1182 3375 1232 3438 his
1251 3399 1305 3460 qur

303 3476 431 3560 diligunt
446 3496 527 3537 eum.

346 3576 386 3637 D.
415 3576 490 3653 Quae
502 3583 573 3638 sunt
583 3576 661 3640 haect
674 3613 717 3624 -
728 3577 776 3639 M.
790 3577 866 3639 Vita
878 3585 1001 3650 eterna,
1016 3576 1176 3640 beatitudo
1189 3583 1308 3663 sempi-

303 3683 404 3749 terna,
420 3676 554 3738 omnium
566 3677 713 3739 bonorum
734 3675 914 3740 sufficientia
927 3676 992 3739 sine
1013 3675 1095 3739 omni
1111 3675 1304 3761 indigentia.

348 3773 387 3834 D.
415 3775 485 3837 Hoc
496 3774 616 3855 plonius
631 3777 751 3839 edicito.
770 3815 810 3825 -
822 3777 868 3840 M.
879 3779 1005 3859 Septem
1025 3776 1175 3859 speciales
1189 3778 1308 3861 glorias

303 3872 438 3953 corporis
456 3873 625 3947 habebunt,
646 3882 677 3937 et
699 3885 818 3959 septem
837 3877 955 3940 animae.
978 3879 1013 3941 In
1034 3896 1159 3959 corpore
1177 3878 1308 3959 quidem

304 3971 567 4054 pulchritudinem,
583 3973 789 4051 velocitatem,
806 3977 1026 4052 fortitudinem,
1039 3977 1227 4049 libertatem,
1246 4001 1307 4042 vo-

304 4073 464 4155 luptatem,
480 4073 654 4148 sanitatem,
670 4075 951 4143 immortalitatem:
966 4080 1002 4142 In
1014 4079 1116 4142 anima
1131 4085 1237 4141 autem
1251 4102 1305 4142 sa-

305 4173 467 4256 pientiam,
482 4173 662 4247 amicitiam,
683 4179 876 4241 concordiam
889 4232 895 4254 ,
910 4187 1113 4261 potestatem,
1134 4169 1302 4254 honorem,

308 4273 513 4348 securitatem,
529 4274 682 4359 gaudium.
