3184 5442
399 625 463 686 ’132
781 641 812 680 ι).
841 639 1014 681 marniaci

397 783 559 869 Nusquam
586 781 705 866 errari]
729 782 845 845 Probat
872 781 1057 863 superiorem
1083 799 1225 850 causam;
1252 778 1305 860 qui
1325 778 1394 841 ideo

397 882 487 944 homo
497 881 594 946 lactus
603 889 650 945 est
659 882 762 955 Deus,
775 888 810 944 ut
824 881 901 944 mori
917 880 1067 963 potuisset
1082 902 1088 942 :
1102 878 1161 941 nisi
1173 878 1254 940 enim
1266 899 1321 961 pro
1333 877 1394 940 hu-

397 1003 487 1044 mana
500 981 597 1043 salute
611 979 687 1042 mori
702 980 894 1062 disponeret,
915 1000 1064 1062 apparere
1079 979 1186 1041 volens
1200 978 1391 1049 hominibus

396 1102 456 1143 non
466 1080 618 1143 hominem
631 1130 636 1153 ‚
651 1081 706 1142 sed
716 1080 886 1163 Angelum,
901 1079 931 1140 in
943 1100 1003 1162 quo
1013 1079 1199 1161 loqueretur,
1210 1084 1391 1140 assumeret.

399 1215 432 1226 -
463 1179 661 1241 Misericors.
673 1176 685 1262 ]
696 1179 818 1240 Revera
827 1175 1021 1241 non'vooatur
1033 1177 1203 1240 misericors
1214 1176 1272 1238 nisi
1281 1177 1391 1238 homo:

396 1278 567 1342 misericors
580 1299 599 1340 a
614 1277 723 1340 misero
736 1278 826 1340 corde
842 1277 951 1371 dieitpr
966 1299 974 1339 ι
992 1276 1035 1340 sic
1047 1277 1086 1340 B.
1105 1275 1274 1359 Gregorius
1285 1275 1316 1337 in
1326 1297 1394 1338 mo-

397 1378 520 1441 ralibus
546 1413 591 1426 -
618 1376 657 1439 Ut
677 1375 930 1462 repropitiaret.]
950 1378 1064 1440 Probat
1091 1377 1173 1458 quod
1193 1382 1298 1456 potest
1319 1396 1393 1439 eon-

397 1478 509 1540 donare
523 1477 650 1553 delicta,
671 1477 786 1551 idest,
807 1475 949 1539 auxiliari
969 1497 1042 1539 num
1065 1497 1119 1559 per
1136 1475 1344 1553 divinitatem,
1363 1482 1395 1539 et

396 1597 451 1658 per
466 1577 604 1639 earneml
617 1577 678 1639 Per
695 1574 906 1653 divinitatem,
922 1574 994 1657 quia
1008 1574 1103 1638 etiam
1123 1596 1178 1657 per
1192 1594 1323 1637 carnem.
1353 1611 1393 1622 -
1472 1568 1474 1572 ’

396 1675 436 1736 Ia
451 1697 512 1761 quo
521 1698 641 1760 passas
653 1687 709 1736 ert.
721 1673 732 1759 ]
746 1674 780 1736 ln
790 1695 881 1736 carne
892 1694 1002 1756 passus
1014 1682 1078 1749 est,
1097 1681 1128 1737 et
1141 1681 1276 1737 tentatus
1285 1680 1349 1748 est,
1363 1681 1395 1737 et

398 1775 534 1838 incarne
550 1776 676 1839 tentatis
692 1774 829 1838 auxiliari
845 1782 958 1858 potest.

825 2099 893 2140 CAP.
921 2099 967 2139 111.

446 2281 533 2344 Unde
541 2281 685 2368 fratres,
709 2281 792 2367 eta]
815 2283 962 2363 Superius
979 2282 1160 2346 monstravit
1177 2281 1331 2346 Christum
1353 2286 1396 2348 di-

397 2381 533 2464 gniorem
554 2380 698 2464 Angelis;
718 2401 799 2443 nunc
814 2389 965 2444 monstrat
979 2381 1146 2464 digniorem
1163 2391 1195 2446 et
1208 2382 1337 2467 Moyse;
1356 2393 1393 2448 ut

397 2481 494 2543 veteri
509 2478 1026 2562 novumpraeferatTestamentum.
1056 2517 1095 2529 -
1119 2481 1382 2567 Anprroraearm

399 2592 463 2655 est,
478 2592 537 2643 etc.
549 2578 561 2665 ]
571 2579 702 2664 Dignior
713 2587 778 2653 est,
795 2601 868 2642 nam
879 2580 1034 2663 amplioris
1046 2580 1148 2665 gloriae
1162 2589 1225 2659 est,
1243 2582 1396 2665 siquidem

399 2688 516 2745 creator
529 2702 546 2743 e
560 2689 589 2758 t,
607 2688 639 2744 et
656 2682 783 2766 Moyses
799 2688 938 2744 creatura
957 2703 964 2742 :
986 2682 1085 2744 omnis
1104 2689 1223 2746 creator
1239 2683 1397 2766 amplioris

398 2780 572 2865 gloriaest,
585 2801 675 2862 quam
686 2787 826 2844 creatura
839 2801 847 2842 t
867 2801 939 2843 nam
950 2779 1100 2845 fabricans
1111 2782 1235 2844 domum
1243 2830 1253 2861 ,
1272 2783 1397 2866 majoris

398 2879 521 2943 honoris
535 2887 597 2958 est,
618 2900 711 2962 quam
734 2880 851 2941 domus
878 2915 918 2926 -
947 2878 1075 2963 Quanto
1094 2879 1295 2965 ampliorem,
1319 2881 1396 2968 eta]

398 2978 514 3043 Probat
521 2979 593 3062 quia
603 2979 714 3041 debent
721 2976 930 3055 considerare,
944 2977 975 3040 id
985 2985 1050 3057 est,
1063 2978 1213 3043 honorare
1224 2980 1394 3056 Christum,

400 3079 473 3160 quia
490 3077 646 3161 amplioris
666 3076 826 3161 dignitatis
843 3084 909 3155 est,
927 3098 1019 3160 quam
1034 3079 1182 3163 Moyses;
1201 3087 1233 3143 et
1245 3080 1304 3144 hoc
1319 3103 1339 3145 a
1354 3082 1398 3144 si-

399 3178 482 3256 mili,
507 3185 538 3241 et
563 3199 582 3240 a
607 3176 685 3260 pari.
714 3212 753 3224 -
777 3176 824 3237 Et
848 3177 977 3260 Moyses
998 3177 1160 3264 quiderm]
1185 3180 1301 3244 Probat
1324 3181 1398 3264 qaia

400 3276 517 3359 dignior
528 3285 576 3338 est
589 3275 728 3338 Christus
746 3275 858 3359 Moyse
874 3300 880 3337 ε
899 3277 1008 3340 Omnis
1026 3277 1107 3341 enim
1119 3273 1200 3341 filius
1214 3278 1333 3362 dignior
1349 3289 1398 3344 est

400 3373 430 3434 in
445 3374 536 3435 domo
551 3372 664 3454 patria,
682 3381 714 3436 et
728 3392 802 3448 sua,·
818 3393 910 3456 quam
925 3373 1067 3439 famulus.
1095 3413 1135 3425 —
1160 3376 1198 3439 Si
1202 3375 1397 3464 fiduciam]

399 3471 437 3535 Id
448 3478 513 3549 est,
527 3471 617 3533 fidem
630 3476 662 3533 et
675 3472 787 3534 bonam
801 3473 1027 3554 operationem,
1042 3496 1097 3558 per
1111 3497 1188 3558 quas
1202 3495 1289 3559 spem
1300 3477 1395 3542 habe-

400 3591 479 3634 mus.
507 3605 547 3617 -
571 3569 609 3631 Sr'
618 3569 775 3650 fiduciam
792 3582 823 3631 et
839 3569 995 3655 gloriam,
1006 3588 1070 3636 etc.
1086 3574 1099 3660 ]
1113 3575 1196 3660 Ergo
1211 3584 1246 3639 ut
1260 3578 1325 3662 ejus
1340 3579 1397 3641 do·

400 3690 469 3732 mus
480 3669 590 3748 simus,
605 3668 695 3731 fidem
706 3668 991 3747 haberedebemus,
1003 3672 1096 3756 igitur
1106 3695 1166 3736 non
1175 3675 1397 3740 debemusesse

401 3767 562 3840 increduli;
584 3769 665 3850 quod
680 3778 728 3831 est
736 3815 746 3846 ,
767 3767 875 3829 or'dete
885 3767 1013 3854 fratres
1023 3794 1034 3849 ;
1046 3781 1150 3856 potest
1164 3775 1245 3837 enim
1260 3775 1331 3839 illuc
1342 3797 1396 3840 us·

402 3885 462 3948 que
472 3868 605 3950 pendere
619 3867 780 3931 sententia.
810 3904 849 3916 -
878 3868 1081 3957 Quapropter
1096 3881 1178 3936 sieut
1194 3873 1273 3937 dicit
1277 3923 1288 3954 ,
1308 3875 1397 3961 eta]

402 3964 498 4042 Quasi
515 3965 616 4029 dicat:
639 3969 722 4050 Ergo
744 3965 818 4049 quia
837 3974 931 4030 tantae
952 3970 1111 4055 dignitatis
1129 3981 1195 4049 est,
1215 3975 1295 4036 lator
1313 3975 1397 4038 Novi

401 4063 604 4142 Testamenti,
620 4086 680 4127 non
692 4065 858 4128 habeamus
869 4087 920 4129 cor
938 4070 1138 4149 obduratum,
1157 4072 1213 4134 sed
1225 4071 1306 4136 illius
1321 4094 1397 4156 prae-

403 4163 499 4246 ceptis
527 4163 769 4246 adquiescamus.
798 4201 837 4212 -
861 4165 1007 4230 Fallacia
1032 4178 1171 4255 peceati.
1195 4169 1207 4254 ]
1231 4172 1396 4238 Peccatum
