3184 5442
424 731 512 772 LIBER
536 733 573 773 DE
597 733 732 807 cortrone
756 733 793 776 ET
817 736 907 776 sANG.
935 737 1053 778 bonini.
1175 718 1235 781 l5l

240 895 297 936 nee
308 893 398 956 posse
412 871 591 934 sensualiter
605 871 636 932 in
650 871 713 934 solo
729 882 919 936 sacramento
932 875 1072 938 manibus
1086 877 1237 941 Sacerdo-

240 981 307 1036 tum
318 970 459 1044 tractari,
477 970 526 1032 vel
537 969 654 1054 frangi,
669 977 724 1034 aut
738 972 872 1034 fidelium
888 973 1028 1036 dentibus
1039 976 1142 1038 atteri.
1155 966 1240 1041 Con-¹

241 1072 455 1144 sentioautem
469 1080 583 1135 sanotae
597 1071 744 1134 Romanae
763 1080 794 1135 et
805 1073 993 1157 Apostolicae
1008 1076 1096 1148 fidei,
1119 1084 1151 1140 et
1168 1099 1235 1150 ore,

241 1183 273 1238 et
296 1175 387 1238 eorde
409 1173 553 1255 profiteor
573 1173 613 1234 de
637 1174 837 1238 sacramentis
859 1175 1018 1238 dominicae
1040 1197 1152 1241 mensa
1171 1200 1238 1243 eam

241 1275 331 1337 fidem
347 1280 466 1348 tenere,
492 1292 584 1355 quam
601 1271 768 1351 Dumium,
787 1280 820 1337 et
837 1275 1018 1338 venerahilis
1036 1276 1125 1360 Papa
1142 1278 1239 1343 Nico-

241 1376 323 1449 lauS,
349 1381 381 1436 et
401 1371 466 1437 haec
489 1379 596 1434 sancta
619 1371 763 1456 Synodus
785 1375 967 1439 auctoritate
990 1370 1180 1461 evangelica,
1207 1387 1240 1442 et

242 1473 409 1558 apostolica
420 1473 583 1536 tenendam
595 1471 738 1548 tradidit,
752 1473 886 1557 mihique
898 1475 1030 1539 firmavit
1041 1501 1047 1548 ;
1060 1476 1176 1541 scilieet
1186 1500 1240 1562 pa·

242 1595 312 1638 nem
327 1583 359 1638 et
373 1573 552 1655 vinumque
566 1571 597 1634 in
611 1572 699 1635 altari
714 1584 878 1655 ponuntur,
897 1582 968 1658 post
982 1579 1238 1643 consecrationem

243 1696 301 1737 non
315 1675 412 1737 solum
423 1680 668 1750 sacramentum,
686 1673 739 1735 sed
754 1675 846 1757 etiam
858 1696 965 1738 verum
978 1697 1103 1759 corpus,
1121 1686 1153 1742 et
1171 1701 1239 1743 sau-

243 1774 366 1860 guinem
380 1773 506 1837 Domini
521 1771 617 1834 nostri
631 1773 651 1835 J
653 1793 708 1835 esu
722 1773 837 1861 Christi
852 1795 934 1850 esse,
949 1783 982 1838 et
991 1778 1169 1842 sensualiter
1177 1802 1237 1842 non

242 1877 340 1940 solum
355 1876 387 1938 in
398 1880 604 1946 sacramento,
620 1872 675 1935 sed
689 1874 720 1936 in
731 1874 877 1949 veritate,
895 1875 1034 1939 manibus
1046 1879 1237 1943 sacerdotum

243 1972 383 2046 tractari,
407 1969 522 2055 frangi,
546 1976 577 2031 et
598 1969 732 2032 fidelium
754 1971 896 2034 dentibus
917 1973 1008 2035 atteri
1031 1995 1039 2034 ι
1060 1976 1165 2059 jurans
1183 1998 1238 2059 per

242 2080 395 2146 sanatam,
413 2078 445 2133 et
456 2068 636 2133 homousion
649 2069 846 2145 Trinitatem,
862 2079 894 2134 et
904 2093 960 2154 per
970 2073 1035 2136 haeo
1046 2083 1239 2138 sacrosancta

242 2173 357 2237 Christi
368 2169 538 2253 evangelia.
553 2173 617 2233 Eos
626 2191 699 2232 vero
710 2171 763 2254 qui
777 2179 883 2235 contra
895 2171 973 2236 hanc
983 2174 1074 2235 fidem
1085 2174 1234 2246 venerint,

242 2294 310 2338 cum
331 2271 526 2357 dogmatibus
547 2278 578 2334 et
600 2272 802 2334 sectatoribus
824 2272 887 2335 suis
910 2282 1023 2336 aeterno
1044 2273 1239 2337 anathemate

242 2374 350 2458 dignos
368 2393 435 2435 esse
454 2371 626 2454 pronuntio.
644 2371 736 2449 Quod
754 2372 781 2434 si
796 2393 853 2456 ego
867 2373 933 2455 ipse
947 2373 1110 2457 aliquando
1125 2373 1239 2457 aliquid

243 2480 347 2538 contra
362 2472 426 2536 haeo
440 2471 569 2545 sentire,
586 2479 639 2534 aut
657 2472 821 2555 praedicare
834 2494 1075 2557 praesumpsero:
1090 2464 1238 2538 canonum

242 2575 397 2638 severitati
408 2595 457 2636 me
466 2574 660 2657 plectendum
670 2574 828 2639 submitto.
842 2575 938 2639 Lecto
948 2582 979 2639 et
988 2575 1121 2659 perlecto
1131 2581 1239 2658 sponte

242 2673 419 2759 subscripsi.
433 2705 445 2726 n

288 2776 340 2840 Ad
359 2774 423 2843 haee
441 2760 581 2859 Gregorii
594 2775 656 2838 VII
677 2783 815 2859 tempore
836 2798 927 2859 quum
949 2776 980 2838 in
1000 2775 1114 2858 templo
1133 2773 1240 2838 Salva-

242 2875 317 2939 toris
330 2876 368 2938 de
379 2874 427 2938 his
443 2895 542 2937 sermo
555 2874 729 2950 haberetur,
747 2878 947 2959 quorumdam
962 2877 1007 2940 tui
1022 2874 1164 2938 similium
1181 2873 1238 2938 sti-

241 2983 333 3059 patus
343 2975 480 3060 agmine,
493 2976 602 3038 erroris
617 2975 762 3060 magister
773 2977 1001 3056 perseverabas.
1016 2975 1095 3037 Tum
1109 2973 1240 3039 coelestis

242 3074 344 3140 Patris
355 3075 464 3158 spiritu
478 3073 509 3137 in
524 3075 659 3138 animum
673 3075 842 3139 instillante
853 3095 1003 3148 reversus
1017 3082 1172 3156 speratam
1183 3094 1239 3137 ve·
1336 3092 1341 3097 ·
1405 3105 1410 3117 e

242 3175 341 3250 niam,
361 3174 527 3258 apostolica
544 3175 737 3239 miseratione
756 3181 935 3239 consecutus
956 3195 1005 3249 eS,
1026 3176 1133 3260 jurans
1153 3181 1185 3237 et
1203 3193 1240 3236 ea

243 3297 311 3359 quae
322 3282 501 3359 sequuntur.

291 3407 303 3429 u
321 3378 389 3459 Ego
403 3375 609 3459 Berengarins
625 3377 716 3439 corde
730 3376 837 3448 oredo,
856 3383 888 3439 et
902 3395 954 3437 ore
970 3375 1114 3438 confiteor
1128 3346 1260 3457 panem*l

242 3480 274 3535 et
286 3471 391 3534 vinnm
403 3491 470 3554 quae
480 3479 634 3554 ponuntur
644 3471 675 3534 in
687 3472 774 3536 altari
786 3523 793 3547 ,
807 3493 863 3556 per
875 3471 1056 3557 mysterium
1067 3491 1161 3534 saoroe
1175 3490 1241 3533 ora·

242 3571 348 3646 tioniS,
366 3578 399 3636 et
412 3575 507 3636 verba
515 3572 612 3636 nostri
623 3573 840 3658 Redemptoris
851 3571 1095 3637 substantialiter
1105 3569 1241 3635 converti

242 3672 273 3734 in
296 3693 415 3748 veram,
438 3683 469 3736 et
490 3672 660 3756 propriam,
680 3673 907 3738 vivificatricem
924 3693 1046 3737 earnem
1065 3678 1098 3733 et
1114 3669 1240 3755 sangui-

241 3793 311 3834 nem
331 3774 406 3836 Jesu
425 3773 539 3837 Christi
557 3773 682 3837 Domini
703 3773 814 3849 nostri,
844 3781 875 3836 et
893 3782 964 3856 post
985 3769 1240 3836 consecrationem

242 3892 309 3935 esse
327 3894 433 3936 verum
452 3895 562 3957 corpus
573 3873 703 3949 Christi,
722 3875 802 3958 quod
818 3882 926 3938 natum
940 3879 989 3936 est
999 3873 1038 3935 de
1048 3869 1192 3955 Virgine,
1209 3877 1241 3932 et

243 3972 325 4054 quod
338 3993 394 4056 pro
406 3974 504 4038 salute
520 3974 626 4037 muudi
641 3974 775 4038 oblatum
789 3974 820 4037 in
836 3995 925 4038 oruoe
940 3972 1096 4057 pependit,
1114 3979 1146 4034 et
1159 3969 1240 4052 quod

242 4071 327 4136 sedet
346 4075 387 4137 ad
406 4075 563 4138 dexteram
584 4075 706 4146 Patris:
728 4083 758 4139 et
775 4096 881 4138 vemm
905 4073 1083 4158 sanguinem
1108 4069 1236 4142 Christi,

243 4172 295 4255 qui
310 4173 348 4236 de
366 4173 462 4238 latere
480 4177 546 4261 ejus
565 4175 676 4239 effusus
695 4184 758 4246 est,
781 4198 841 4238 non
861 4184 980 4239 tantum
996 4195 1050 4257 per
1068 4173 1188 4257 signum
1210 4178 1241 4233 et

243 4272 389 4338 virtutem
402 4276 596 4347 sacramenti,
613 4278 665 4340 sed
682 4278 710 4339 in
730 4277 917 4360 proprietate
929 4284 1054 4346 natura,
1068 4282 1099 4334 et
1110 4271 1241 4334 veritate
