3184 5442
300 708 364 770 168
675 730 703 770 n.
731 729 905 770 Lauinium

292 891 424 952 namque
448 869 526 932 sicut
547 868 691 951 praesatus
711 877 817 932 auctor
836 868 939 931 multis
959 868 990 928 in
1010 868 1081 931 loeis
1100 868 1191 947 dicit,
1209 874 1294 953 quod

292 967 323 1029 in
344 970 433 1031 terris
451 970 612 1051 degentem
633 969 798 1031 Dominum
819 970 850 1030 in
865 967 962 1030 frusta
973 976 1076 1031 essent
1090 970 1290 1045 conscissuri,

293 1074 325 1129 et
340 1067 382 1130 sic
398 1088 504 1131 carnes
517 1070 582 1153 ejus
596 1076 649 1130 aut
666 1068 762 1131 elixas
775 1070 806 1130 in
826 1068 995 1143 lebetibus,
1012 1076 1066 1131 aut
1082 1089 1168 1132 assas
1187 1071 1218 1131 in
1234 1092 1292 1133 ve-

275 1208 279 1213 -
294 1167 385 1228 rubus
399 1175 502 1230 essent
513 1167 677 1244 comesuri,
691 1176 745 1231 aut
760 1168 784 1230 si
800 1168 855 1230 hoc
867 1167 998 1244 nollent,
1015 1189 1074 1230 non
1087 1175 1212 1250 possent
1223 1189 1294 1231 esse

293 1269 359 1349 ejus
382 1266 533 1350 discipuli.
556 1267 724 1348 Propterea
742 1268 898 1349 elegerunt
913 1267 1016 1344 abire,
1033 1269 1141 1352 etjam
1159 1268 1294 1350 amplius

293 1385 363 1427 cum
386 1386 422 1427 eo
437 1387 497 1428 non
512 1366 568 1428 ire.
587 1366 695 1429 Procul
717 1373 837 1428 avertat
852 1367 937 1428 Deus
957 1368 996 1428 ab
1010 1366 1148 1430 Ecclesia
1162 1389 1218 1430 sua
1240 1375 1291 1430 ta-

292 1463 354 1526 lem
369 1465 563 1528 sententiam.
581 1465 633 1528 Sic
651 1486 761 1547 nempe
775 1465 806 1526 in
824 1465 912 1528 terris
927 1466 1116 1529 immolatum
1132 1466 1291 1530 Christum

292 1563 528 1643 manducamuS,
547 1572 578 1627 et
603 1564 747 1642 bibimus,
768 1573 803 1628 ut
824 1565 855 1626 in
876 1565 1050 1628 coelestibus
1070 1567 1110 1629 ad
1130 1568 1291 1632 dexteram

294 1660 398 1725 Patris
410 1663 527 1751 integer
539 1684 659 1746 semper
674 1665 787 1727 existat
798 1673 828 1727 et
839 1664 936 1726 vivus.

339 2074 393 2136 12.
407 2077 548 2138 Benene.
571 2104 583 2124 u
596 2075 684 2136 Unde
696 2076 804 2135 beatus
813 2072 1004 2163 Augustinus
1019 2073 1049 2133 in
1066 2072 1139 2134 libro
1150 2073 1189 2134 de
1202 2072 1290 2136 Civi-

293 2181 357 2236 tate
369 2176 445 2253 Dei,
464 2181 684 2237 sacramentum
708 2180 756 2234 est
766 2193 885 2235 sacrum
898 2171 1029 2254 signum.
1041 2172 1169 2257 Signum
1179 2171 1291 2237 diffinit

293 2274 325 2333 in
336 2272 413 2334 libro
425 2274 463 2334 de
472 2271 620 2335 Doctrina
630 2272 804 2334 christiana.
824 2271 951 2354 Signum
967 2279 1014 2334 est
1030 2293 1077 2334 res
1092 2278 1201 2353 praeter
1217 2293 1290 2354 spe-

293 2372 387 2449 ciem,
406 2392 498 2453 quam
513 2371 624 2452 ingerit
636 2370 789 2446 sensibus,
805 2371 889 2433 aliud
902 2370 1016 2453 aliquid
1031 2393 1070 2434 ex
1085 2393 1118 2434 se
1132 2370 1247 2435 faciens
1257 2373 1289 2434 in

295 2470 510 2552 cogitationem
526 2469 640 2531 venire.
661 2500 672 2522 »
1086 2456 1091 2465 ¹

337 2571 458 2634 Laura.
476 2571 519 2632 Et
533 2591 589 2632 nos
604 2577 845 2646 sacramentum,
870 2572 909 2632 de
931 2592 991 2653 quo
1012 2571 1146 2654 agimuS,
1167 2591 1289 2634 sacrum

293 2691 360 2733 esse
375 2671 494 2754 signum
505 2669 670 2744 credimuS,
689 2676 720 2731 et
735 2669 920 2732 credendum
931 2671 1103 2734 suademus.
1119 2671 1189 2747 Quo
1200 2671 1288 2754 signo

293 2777 402 2851 praeter
423 2769 573 2853 speciem,
595 2789 663 2851 quae
678 2789 711 2831 se
730 2769 823 2832 oculis
840 2768 1023 2831 intuentium
1044 2770 1172 2854 ingerit,
1196 2770 1288 2854 longe
1343 2765 1348 2771 ’

294 2871 392 2949 aliud,
411 2871 560 2953 valdeque
573 2869 727 2932 diversum
741 2870 772 2931 in
788 2869 1002 2952 cogitationem
1019 2871 1178 2934 salubriter
1193 2869 1286 2932 intel-

292 2970 452 3054 ligentium
467 2970 559 3033 venit.
577 2970 659 3047 Quid
676 2978 779 3032 autem
798 2969 870 3031 illud
884 2969 940 3046 sit,
960 2991 1014 3031 seu
1031 2971 1132 3053 potius
1150 2990 1217 3052 quae
1235 2969 1288 3031 illa

293 3071 356 3132 sint
368 3070 499 3134 breviter
513 3071 650 3153 superius
666 3069 917 3146 commemoravi,
933 3056 1024 3133 latius
1038 3071 1214 3154 paulopost
1229 3091 1286 3132 ex-

295 3169 471 3251 plicaturus.
488 3170 709 3233 Verumtamen
725 3171 833 3231 beatus
847 3168 1040 3252 Augustinus
1053 3169 1084 3232 in
1097 3170 1173 3232 libro
1183 3171 1222 3232 de
1231 3169 1286 3234 Ci-

293 3269 391 3334 vitate
405 3271 464 3333 Dei
482 3291 542 3332 non
562 3270 607 3333 ita
625 3272 769 3352 abrupte,
783 3276 818 3331 ut
838 3276 871 3331 tu
889 3267 981 3346 dicis,
998 3278 1223 3332 sacramentum
1236 3289 1285 3332 sa·

294 3390 378 3431 crum
393 3391 460 3432 esse
473 3369 593 3452 signum
608 3367 760 3431 diffinivit.
782 3367 867 3430 Nihil
883 3388 955 3429 vero
973 3388 1009 3430 eo
1022 3368 1053 3429 in
1069 3367 1134 3431 loco
1152 3369 1190 3430 de
1208 3367 1286 3433 Cor·

295 3488 368 3548 pore
392 3476 425 3530 et
449 3466 603 3550 Sanguine
631 3467 755 3529 Domini
783 3468 981 3548 loquebatur:
1004 3468 1059 3530 sed
1084 3475 1220 3531 tractans
1247 3469 1287 3532 de

293 3570 354 3629 ritu
371 3567 561 3652 judaicorum
576 3558 805 3644 sacrificiorum,
824 3569 905 3648 quod
925 3589 979 3649 per
996 3563 1140 3631 sacrificia
1156 3589 1224 3650 quae
1237 3569 1286 3631 vi-

293 3668 437 3729 derentur
447 3684 495 3726 res
504 3663 669 3728 invisibiles
679 3714 686 3738 ,
698 3686 753 3747 per
765 3686 842 3747 quas
854 3667 993 3730 humanae
1009 3667 1148 3731 societati
1163 3669 1203 3730 ad
1221 3668 1288 3731 dili-

294 3765 427 3848 gendum
443 3765 563 3841 Deum,
581 3765 814 3848 proximumque
830 3768 1008 3846 consulitur,
1023 3768 1282 3852 significarentur;

293 3862 398 3946 paucis
415 3865 615 3946 approbatam
628 3863 811 3926 sententiam
826 3866 983 3944 conclusit,
998 3867 1116 3930 dicens:
1136 3865 1287 3930 uSacrifi·

295 3961 375 4024 cium
387 3983 459 4046 ergo
472 3963 588 4026 visibile
600 3962 757 4026 inuisibilis
769 3964 906 4027 sacrificii
918 3974 1156 4043 sacramentum,
1170 3966 1202 4029 id
1216 3973 1282 4043 est,

292 4088 411 4130 sacrum
429 4071 550 4152 signum
574 4077 631 4132 est.
652 4102 664 4122 „
686 4067 765 4145 Quid
787 4089 859 4131 vero
882 4070 1015 4150 visibile,
1042 4073 1114 4154 quid
1134 4070 1285 4134 invisibile

293 4166 470 4230 sacrificium
501 4169 675 4239 vocaverit;
705 4175 774 4250 post
807 4168 908 4250 aliqua
935 4170 982 4231 his
1010 4172 1109 4233 verbis
1133 4170 1280 4253 exponit:

297 4297 309 4317 u
328 4267 398 4329 Non
419 4267 485 4330 vult
509 4289 580 4352 ergo
604 4269 688 4331 Deus
712 4266 889 4331 sacrificium
909 4269 1050 4333 trucidati
1072 4270 1205 4353 pecoris,
1228 4270 1283 4332 sed
