<?xml version="1.0" encoding="UTF-8"?>
<!DOCTYPE html PUBLIC "-//W3C//DTD XHTML 1.0 Transitional//EN"
    "http://www.w3.org/TR/xhtml1/DTD/xhtml1-transitional.dtd">
<html xmlns="http://www.w3.org/1999/xhtml" xml:lang="en" lang="en">
 <head>
  <title>
</title>
<meta http-equiv="Content-Type" content="text/html;charset=utf-8" />
  <meta name='ocr-system' content='tesseract 3.04.00' />
  <meta name='ocr-capabilities' content='ocr_page ocr_carea ocr_par ocr_line ocrx_word'/>
</head>
<body>
  <div class='ocr_page' id='page_1' title='image "./operaquaesupers00lanfgoog_0079.png"; bbox 0 0 3184 5442; ppageno 0'>
   <div class='ocr_carea' id='block_1_1' title="bbox 434 680 1292 742">
    <p class='ocr_par' dir='ltr' id='par_1_1' title="bbox 434 680 1292 742">
     <span class='ocr_line' id='line_1_1' title="bbox 434 680 1292 742; baseline 0.012 -21"><span class='ocrx_word' id='word_1_1' title='bbox 434 714 439 721; x_wconf 91' lang='lat'><strong>.</strong></span> <span class='ocrx_word' id='word_1_2' title='bbox 552 683 669 725; x_wconf 67' lang='lat' dir='ltr'><strong>cmm</strong></span> <span class='ocrx_word' id='word_1_3' title='bbox 693 684 726 724; x_wconf 78' lang='lat' dir='ltr'><strong>rn&#39;</strong></span> <span class='ocrx_word' id='word_1_4' title='bbox 749 685 799 726; x_wconf 83' lang='lat' dir='ltr'><strong>ue.</strong></span> <span class='ocrx_word' id='word_1_5' title='bbox 824 687 866 725; x_wconf 74' lang='lat' dir='ltr'><strong>no</strong></span> <span class='ocrx_word' id='word_1_6' title='bbox 888 687 1034 731; x_wconf 70' lang='lat' dir='ltr'><strong>coninua.</strong></span> <span class='ocrx_word' id='word_1_7' title='bbox 1247 680 1292 742; x_wconf 83' lang='lat'><strong>83</strong></span> 
     </span>
    </p>
   </div>
   <div class='ocr_carea' id='block_1_2' title="bbox 296 820 1296 1109">
    <p class='ocr_par' dir='ltr' id='par_1_2' title="bbox 296 820 1296 1109">
     <span class='ocr_line' id='line_1_2' title="bbox 296 820 1292 910; baseline 0.019 -30"><span class='ocrx_word' id='word_1_8' title='bbox 296 829 398 890; x_wconf 67' lang='lat' dir='ltr'><strong>batur.</strong></span> <span class='ocrx_word' id='word_1_9' title='bbox 425 857 470 871; x_wconf 91' lang='lat'>-</span> <span class='ocrx_word' id='word_1_10' title='bbox 492 820 577 883; x_wconf 83' lang='lat' dir='ltr'><strong>Nam</strong></span> <span class='ocrx_word' id='word_1_11' title='bbox 588 830 730 883; x_wconf 80' lang='lat' dir='ltr'><strong>virtusr&#39;n</strong></span> <span class='ocrx_word' id='word_1_12' title='bbox 741 822 939 906; x_wconf 80' lang='lat' dir='ltr'><strong>infirmitate.</strong></span> <span class='ocrx_word' id='word_1_13' title='bbox 950 824 1140 910; x_wconf 81' lang='lat' dir='ltr'><strong>]Persccla1n</strong></span> <span class='ocrx_word' id='word_1_14' title='bbox 1148 832 1292 898; x_wconf 78' lang='lat' dir='ltr'><strong>vntutem</strong></span> 
     </span>
     <span class='ocr_line' id='line_1_3' title="bbox 296 920 1293 1017; baseline 0.007 -27"><span class='ocrx_word' id='word_1_15' title='bbox 296 925 369 990; x_wconf 88' lang='lat' dir='ltr'><strong>dicit</strong></span> <span class='ocrx_word' id='word_1_16' title='bbox 384 944 471 996; x_wconf 55' lang='lat' dir='ltr'><strong>eme,</strong></span> <span class='ocrx_word' id='word_1_17' title='bbox 490 942 560 1004; x_wconf 86' lang='lat' dir='ltr'><strong>quae</strong></span> <span class='ocrx_word' id='word_1_18' title='bbox 581 920 675 984; x_wconf 82' lang='lat' dir='ltr'><strong>habet</strong></span> <span class='ocrx_word' id='word_1_19' title='bbox 690 922 899 987; x_wconf 86' lang='lat' dir='ltr'><strong>infirmitatem</strong></span> <span class='ocrx_word' id='word_1_20' title='bbox 916 927 1118 1002; x_wconf 81' lang='lat' dir='ltr'><strong>contrariam,</strong></span> <span class='ocrx_word' id='word_1_21' title='bbox 1139 950 1207 994; x_wconf 84' lang='lat' dir='ltr'><strong>curn</strong></span> <span class='ocrx_word' id='word_1_22' title='bbox 1231 955 1293 1017; x_wconf 86' lang='lat' dir='ltr'><strong>qua</strong></span> 
     </span>
     <span class='ocr_line' id='line_1_4' title="bbox 296 1023 1296 1109; baseline 0.007 -21"><span class='ocrx_word' id='word_1_23' title='bbox 296 1023 433 1109; x_wconf 89' lang='lat' dir='ltr'><strong>legitime</strong></span> <span class='ocrx_word' id='word_1_24' title='bbox 448 1027 566 1094; x_wconf 86' lang='lat' dir='ltr'><strong>certet,</strong></span> <span class='ocrx_word' id='word_1_25' title='bbox 587 1027 624 1083; x_wconf 92' lang='lat' dir='ltr'><strong>ut</strong></span> <span class='ocrx_word' id='word_1_26' title='bbox 651 1026 759 1102; x_wconf 82' lang='lat' dir='ltr'><strong>postea</strong></span> <span class='ocrx_word' id='word_1_27' title='bbox 782 1030 954 1085; x_wconf 79' lang='lat' dir='ltr'><strong>coronetur.</strong></span> <span class='ocrx_word' id='word_1_28' title='bbox 980 1059 1024 1071; x_wconf 92' lang='lat'>-</span> <span class='ocrx_word' id='word_1_29' title='bbox 1052 1025 1192 1092; x_wconf 75' lang='lat' dir='ltr'><strong>Tametsi·</strong></span> <span class='ocrx_word' id='word_1_30' title='bbox 1211 1031 1296 1095; x_wconf 69' lang='lat' dir='ltr'><strong>artu</strong></span> 
     </span>
    </p>
   </div>
   <div class='ocr_carea' id='block_1_3' title="bbox 295 1119 1293 1314">
    <p class='ocr_par' dir='ltr' id='par_1_3' title="bbox 295 1119 1293 1314">
     <span class='ocr_line' id='line_1_5' title="bbox 296 1119 1292 1212; baseline 0.007 -26"><span class='ocrx_word' id='word_1_31' title='bbox 296 1144 379 1186; x_wconf 76' lang='lat' dir='ltr'><strong>suro.</strong></span> <span class='ocrx_word' id='word_1_32' title='bbox 397 1119 574 1206; x_wconf 78' lang='lat' dir='ltr'><strong>]Qunmvis</strong></span> <span class='ocrx_word' id='word_1_33' title='bbox 593 1119 761 1183; x_wconf 89' lang='lat' dir='ltr'><strong>secundum</strong></span> <span class='ocrx_word' id='word_1_34' title='bbox 779 1122 981 1203; x_wconf 89' lang='lat' dir='ltr'><strong>quorumdam</strong></span> <span class='ocrx_word' id='word_1_35' title='bbox 995 1124 1157 1193; x_wconf 84' lang='lat' dir='ltr'><strong>stultorum</strong></span> <span class='ocrx_word' id='word_1_36' title='bbox 1174 1130 1292 1212; x_wconf 92' lang='lat' dir='ltr'><strong>opinio-</strong></span> 
     </span>
     <span class='ocr_line' id='line_1_6' title="bbox 295 1216 1293 1314; baseline 0.007 -28"><span class='ocrx_word' id='word_1_37' title='bbox 295 1242 380 1301; x_wconf 85' lang='lat' dir='ltr'><strong>nem,</strong></span> <span class='ocrx_word' id='word_1_38' title='bbox 394 1219 471 1285; x_wconf 83' lang='lat' dir='ltr'><strong>nihil</strong></span> <span class='ocrx_word' id='word_1_39' title='bbox 485 1239 572 1291; x_wconf 90' lang='lat' dir='ltr'><strong>sum;</strong></span> <span class='ocrx_word' id='word_1_40' title='bbox 591 1238 629 1281; x_wconf 88' lang='lat' dir='ltr'><strong>ea</strong></span> <span class='ocrx_word' id='word_1_41' title='bbox 642 1225 746 1281; x_wconf 84' lang='lat' dir='ltr'><strong>tamen</strong></span> <span class='ocrx_word' id='word_1_42' title='bbox 758 1216 817 1283; x_wconf 87' lang='lat' dir='ltr'><strong>feci</strong></span> <span class='ocrx_word' id='word_1_43' title='bbox 827 1240 920 1304; x_wconf 89' lang='lat' dir='ltr'><strong>super</strong></span> <span class='ocrx_word' id='word_1_44' title='bbox 930 1241 997 1297; x_wconf 78' lang='lat' dir='ltr'><strong>vos,</strong></span> <span class='ocrx_word' id='word_1_45' title='bbox 1010 1245 1078 1306; x_wconf 82' lang='lat' dir='ltr'><strong>quae</strong></span> <span class='ocrx_word' id='word_1_46' title='bbox 1091 1226 1191 1292; x_wconf 86' lang='lat' dir='ltr'><strong>solent</strong></span> <span class='ocrx_word' id='word_1_47' title='bbox 1203 1230 1293 1314; x_wconf 69' lang='lat' dir='ltr'><strong>Ape</strong></span> 
     </span>
    </p>
   </div>
   <div class='ocr_carea' id='block_1_4' title="bbox 283 1315 1295 1905">
    <p class='ocr_par' dir='ltr' id='par_1_4' title="bbox 283 1315 1295 1905">
     <span class='ocr_line' id='line_1_7' title="bbox 297 1315 1295 1414; baseline 0.006 -29"><span class='ocrx_word' id='word_1_48' title='bbox 297 1321 411 1385; x_wconf 89' lang='lat' dir='ltr'><strong>stolum</strong></span> <span class='ocrx_word' id='word_1_49' title='bbox 422 1318 593 1402; x_wconf 72' lang='lat' dir='ltr'><strong>designare.</strong></span> <span class='ocrx_word' id='word_1_50' title='bbox 606 1315 738 1379; x_wconf 82' lang='lat' dir='ltr'><strong>Omnem</strong></span> <span class='ocrx_word' id='word_1_51' title='bbox 746 1316 927 1399; x_wconf 85' lang='lat' dir='ltr'><strong>patientiam</strong></span> <span class='ocrx_word' id='word_1_52' title='bbox 936 1319 1192 1401; x_wconf 76' lang='lat' dir='ltr'><strong>mterooshabui3</strong></span> <span class='ocrx_word' id='word_1_53' title='bbox 1206 1328 1295 1414; x_wconf 82' lang='lat' dir='ltr'><strong>signa</strong></span> 
     </span>
     <span class='ocr_line' id='line_1_8' title="bbox 297 1415 1293 1505; baseline 0.01 -20"><span class='ocrx_word' id='word_1_54' title='bbox 297 1428 331 1485; x_wconf 89' lang='lat' dir='ltr'><strong>et</strong></span> <span class='ocrx_word' id='word_1_55' title='bbox 339 1418 479 1505; x_wconf 79' lang='lat' dir='ltr'><strong>prodigia</strong></span> <span class='ocrx_word' id='word_1_56' title='bbox 492 1423 526 1480; x_wconf 89' lang='lat' dir='ltr'><strong>et</strong></span> <span class='ocrx_word' id='word_1_57' title='bbox 535 1423 663 1481; x_wconf 77' lang='lat' dir='ltr'><strong>ceteras</strong></span> <span class='ocrx_word' id='word_1_58' title='bbox 675 1415 822 1491; x_wconf 85' lang='lat' dir='ltr'><strong>virtutes,</strong></span> <span class='ocrx_word' id='word_1_59' title='bbox 838 1439 908 1481; x_wconf 86' lang='lat' dir='ltr'><strong>curn</strong></span> <span class='ocrx_word' id='word_1_60' title='bbox 923 1440 1000 1503; x_wconf 91' lang='lat' dir='ltr'><strong>opus</strong></span> <span class='ocrx_word' id='word_1_61' title='bbox 1014 1420 1088 1502; x_wconf 83' lang='lat' dir='ltr'><strong>fuit,</strong></span> <span class='ocrx_word' id='word_1_62' title='bbox 1102 1422 1171 1490; x_wconf 80' lang='lat' dir='ltr'><strong>feci.</strong></span> <span class='ocrx_word' id='word_1_63' title='bbox 1188 1428 1293 1494; x_wconf 87' lang='lat' dir='ltr'><strong>Distat</strong></span> 
     </span>
     <span class='ocr_line' id='line_1_9' title="bbox 283 1516 1293 1611; baseline 0.006 -26"><span class='ocrx_word' id='word_1_64' title='bbox 283 1522 403 1589; x_wconf 83' lang='lat' dir='ltr'><strong>&#39;autem</strong></span> <span class='ocrx_word' id='word_1_65' title='bbox 421 1519 504 1583; x_wconf 87' lang='lat' dir='ltr'><strong>inter</strong></span> <span class='ocrx_word' id='word_1_66' title='bbox 522 1516 661 1602; x_wconf 81' lang='lat' dir='ltr'><strong>signum,</strong></span> <span class='ocrx_word' id='word_1_67' title='bbox 682 1523 714 1579; x_wconf 92' lang='lat' dir='ltr'><strong>et</strong></span> <span class='ocrx_word' id='word_1_68' title='bbox 729 1517 919 1603; x_wconf 86' lang='lat' dir='ltr'><strong>prodigium,</strong></span> <span class='ocrx_word' id='word_1_69' title='bbox 936 1527 969 1583; x_wconf 86' lang='lat' dir='ltr'><strong>et</strong></span> <span class='ocrx_word' id='word_1_70' title='bbox 988 1522 1145 1587; x_wconf 81' lang='lat' dir='ltr'><strong>virtutem.</strong></span> <span class='ocrx_word' id='word_1_71' title='bbox 1163 1525 1293 1611; x_wconf 81' lang='lat' dir='ltr'><strong>Signum</strong></span> 
     </span>
     <span class='ocr_line' id='line_1_10' title="bbox 297 1615 1294 1710; baseline 0.009 -29"><span class='ocrx_word' id='word_1_72' title='bbox 297 1638 396 1704; x_wconf 87' lang='lat' dir='ltr'><strong>genus</strong></span> <span class='ocrx_word' id='word_1_73' title='bbox 412 1624 460 1681; x_wconf 91' lang='lat' dir='ltr'><strong>est</strong></span> <span class='ocrx_word' id='word_1_74' title='bbox 474 1615 615 1701; x_wconf 88' lang='lat' dir='ltr'><strong>prodigii.</strong></span> <span class='ocrx_word' id='word_1_75' title='bbox 634 1615 744 1680; x_wconf 83' lang='lat' dir='ltr'>Virtus</span> <span class='ocrx_word' id='word_1_76' title='bbox 757 1636 855 1700; x_wconf 88' lang='lat' dir='ltr'><strong>genus</strong></span> <span class='ocrx_word' id='word_1_77' title='bbox 871 1625 920 1683; x_wconf 78' lang='lat' dir='ltr'><strong>ost</strong></span> <span class='ocrx_word' id='word_1_78' title='bbox 933 1619 1102 1705; x_wconf 88' lang='lat' dir='ltr'><strong>utriusque.</strong></span> <span class='ocrx_word' id='word_1_79' title='bbox 1117 1624 1226 1690; x_wconf 84' lang='lat' dir='ltr'>Virtus</span> <span class='ocrx_word' id='word_1_80' title='bbox 1240 1647 1294 1710; x_wconf 78' lang='lat' dir='ltr'><strong>po</strong></span> 
     </span>
     <span class='ocr_line' id='line_1_11' title="bbox 299 1715 1294 1808; baseline 0.006 -24"><span class='ocrx_word' id='word_1_81' title='bbox 299 1726 363 1785; x_wconf 79' lang='lat' dir='ltr'><strong>test</strong></span> <span class='ocrx_word' id='word_1_82' title='bbox 374 1717 478 1782; x_wconf 84' lang='lat' dir='ltr'><strong>vocari</strong></span> <span class='ocrx_word' id='word_1_83' title='bbox 492 1737 582 1781; x_wconf 89' lang='lat' dir='ltr'><strong>omne</strong></span> <span class='ocrx_word' id='word_1_84' title='bbox 594 1715 784 1780; x_wconf 81' lang='lat' dir='ltr'><strong>miraculum.</strong></span> <span class='ocrx_word' id='word_1_85' title='bbox 799 1717 929 1802; x_wconf 80' lang='lat' dir='ltr'><strong>Signum</strong></span> <span class='ocrx_word' id='word_1_86' title='bbox 943 1718 1018 1783; x_wconf 90' lang='lat' dir='ltr'><strong>illud</strong></span> <span class='ocrx_word' id='word_1_87' title='bbox 1031 1729 1152 1786; x_wconf 86' lang='lat' dir='ltr'><strong>tanturn</strong></span> <span class='ocrx_word' id='word_1_88' title='bbox 1166 1727 1249 1808; x_wconf 90' lang='lat' dir='ltr'><strong>quod</strong></span> <span class='ocrx_word' id='word_1_89' title='bbox 1261 1726 1294 1789; x_wconf 91' lang='lat' dir='ltr'><strong>in</strong></span> 
     </span>
     <span class='ocr_line' id='line_1_12' title="bbox 299 1815 1294 1905; baseline 0.009 -24"><span class='ocrx_word' id='word_1_90' title='bbox 299 1837 492 1903; x_wconf 90' lang='lat' dir='ltr'><strong>quocumque</strong></span> <span class='ocrx_word' id='word_1_91' title='bbox 506 1829 644 1899; x_wconf 87' lang='lat' dir='ltr'><strong>tempore</strong></span> <span class='ocrx_word' id='word_1_92' title='bbox 662 1815 777 1898; x_wconf 90' lang='lat' dir='ltr'><strong>aliquid</strong></span> <span class='ocrx_word' id='word_1_93' title='bbox 794 1815 957 1900; x_wconf 83' lang='lat' dir='ltr'><strong>significat.</strong></span> <span class='ocrx_word' id='word_1_94' title='bbox 973 1818 1150 1903; x_wconf 86' lang='lat' dir='ltr'><strong>Prodigium</strong></span> <span class='ocrx_word' id='word_1_95' title='bbox 1166 1825 1248 1905; x_wconf 89' lang='lat' dir='ltr'><strong>quod</strong></span> <span class='ocrx_word' id='word_1_96' title='bbox 1262 1826 1294 1889; x_wconf 91' lang='lat' dir='ltr'><strong>in</strong></span> 
     </span>
    </p>
   </div>
   <div class='ocr_carea' id='block_1_5' title="bbox 298 1913 1411 2001">
    <p class='ocr_par' dir='ltr' id='par_1_5' title="bbox 298 1913 1411 2001">
     <span class='ocr_line' id='line_1_13' title="bbox 298 1913 1411 2001; baseline 0.004 -18"><span class='ocrx_word' id='word_1_97' title='bbox 298 1915 402 1983; x_wconf 75' lang='lat' dir='ltr'><strong>num</strong></span> <span class='ocrx_word' id='word_1_98' title='bbox 412 1924 543 1981; x_wconf 80' lang='lat' dir='ltr'><strong>tantum.</strong></span> <span class='ocrx_word' id='word_1_99' title='bbox 567 1951 608 1963; x_wconf 93' lang='lat'>-</span> <span class='ocrx_word' id='word_1_100' title='bbox 629 1913 718 1998; x_wconf 74' lang='lat' dir='ltr'><strong>Quid</strong></span> <span class='ocrx_word' id='word_1_101' title='bbox 725 1926 774 1977; x_wconf 85' lang='lat' dir='ltr'><strong>est</strong></span> <span class='ocrx_word' id='word_1_102' title='bbox 781 1923 876 1977; x_wconf 81' lang='lat' dir='ltr'><strong>enim.</strong></span> <span class='ocrx_word' id='word_1_103' title='bbox 886 1915 898 2001; x_wconf 91' lang='lat'>]</span> <span class='ocrx_word' id='word_1_104' title='bbox 908 1916 1102 1999; x_wconf 85' lang='lat' dir='ltr'><strong>Superiorem</strong></span> <span class='ocrx_word' id='word_1_105' title='bbox 1112 1923 1294 1987; x_wconf 82' lang='lat' dir='ltr'><strong>sententiam</strong></span> <span class='ocrx_word' id='word_1_106' title='bbox 1407 1924 1411 1930; x_wconf 79' lang='grc'><strong>’</strong></span> 
     </span>
    </p>
   </div>
   <div class='ocr_carea' id='block_1_6' title="bbox 300 2012 1303 4352">
    <p class='ocr_par' dir='ltr' id='par_1_6' title="bbox 300 2012 1303 4352">
     <span class='ocr_line' id='line_1_14' title="bbox 300 2012 1297 2104; baseline 0.007 -23"><span class='ocrx_word' id='word_1_107' title='bbox 300 2019 420 2102; x_wconf 88' lang='lat' dir='ltr'><strong>probat.</strong></span> <span class='ocrx_word' id='word_1_108' title='bbox 429 2014 524 2078; x_wconf 76' lang='lat' dir='ltr'><strong>Nihil</strong></span> <span class='ocrx_word' id='word_1_109' title='bbox 528 2023 633 2078; x_wconf 69' lang='lat' dir='ltr'><strong>nanus</strong></span> <span class='ocrx_word' id='word_1_110' title='bbox 635 2012 720 2100; x_wconf 71' lang='lat' dir='ltr'><strong>sirei,</strong></span> <span class='ocrx_word' id='word_1_111' title='bbox 734 2025 792 2076; x_wconf 83' lang='lat' dir='ltr'><strong>etc.</strong></span> <span class='ocrx_word' id='word_1_112' title='bbox 803 2013 899 2093; x_wconf 78' lang='lat' dir='ltr'><strong>Quasi</strong></span> <span class='ocrx_word' id='word_1_113' title='bbox 914 2014 1043 2079; x_wconf 87' lang='lat' dir='ltr'><strong>diceret:</strong></span> <span class='ocrx_word' id='word_1_114' title='bbox 1060 2038 1116 2100; x_wconf 90' lang='lat' dir='ltr'><strong>per</strong></span> <span class='ocrx_word' id='word_1_115' title='bbox 1129 2024 1188 2084; x_wconf 87' lang='lat' dir='ltr'><strong>hoc</strong></span> <span class='ocrx_word' id='word_1_116' title='bbox 1201 2020 1297 2104; x_wconf 85' lang='lat' dir='ltr'><strong>liquet</strong></span> 
     </span>
     <span class='ocr_line' id='line_1_15' title="bbox 301 2111 1298 2198; baseline 0.006 -17"><span class='ocrx_word' id='word_1_117' title='bbox 301 2136 352 2181; x_wconf 85' lang='lat' dir='ltr'><strong>mc</strong></span> <span class='ocrx_word' id='word_1_118' title='bbox 361 2113 438 2179; x_wconf 88' lang='lat' dir='ltr'><strong>nihil</strong></span> <span class='ocrx_word' id='word_1_119' title='bbox 450 2115 551 2177; x_wconf 90' lang='lat' dir='ltr'><strong>minus</strong></span> <span class='ocrx_word' id='word_1_120' title='bbox 563 2111 671 2177; x_wconf 89' lang='lat' dir='ltr'><strong>fecisse</strong></span> <span class='ocrx_word' id='word_1_121' title='bbox 684 2111 753 2176; x_wconf 86' lang='lat' dir='ltr'><strong>aliis</strong></span> <span class='ocrx_word' id='word_1_122' title='bbox 764 2113 924 2198; x_wconf 86' lang='lat' dir='ltr'><strong>Apostolis</strong></span> <span class='ocrx_word' id='word_1_123' title='bbox 939 2136 946 2174; x_wconf 74' lang='grc' dir='ltr'><strong><em>ι</em></strong></span> <span class='ocrx_word' id='word_1_124' title='bbox 961 2114 1034 2197; x_wconf 87' lang='lat' dir='ltr'><strong>quia</strong></span> <span class='ocrx_word' id='word_1_125' title='bbox 1044 2137 1100 2180; x_wconf 86' lang='lat' dir='ltr'><strong>vos</strong></span> <span class='ocrx_word' id='word_1_126' title='bbox 1110 2117 1185 2182; x_wconf 86' lang='lat' dir='ltr'><strong>nihil</strong></span> <span class='ocrx_word' id='word_1_127' title='bbox 1197 2122 1298 2187; x_wconf 89' lang='lat' dir='ltr'><strong>minus</strong></span> 
     </span>
     <span class='ocr_line' id='line_1_16' title="bbox 301 2212 1295 2301; baseline 0.005 -20"><span class='ocrx_word' id='word_1_128' title='bbox 301 2214 421 2281; x_wconf 86' lang='lat' dir='ltr'><strong>habetis</strong></span> <span class='ocrx_word' id='word_1_129' title='bbox 438 2235 532 2297; x_wconf 88' lang='lat' dir='ltr'><strong>qnam</strong></span> <span class='ocrx_word' id='word_1_130' title='bbox 551 2212 618 2276; x_wconf 76' lang='lat' dir='ltr'><strong>alie</strong></span> <span class='ocrx_word' id='word_1_131' title='bbox 635 2212 798 2288; x_wconf 84' lang='lat' dir='ltr'><strong>Ecclesiae,</strong></span> <span class='ocrx_word' id='word_1_132' title='bbox 816 2234 885 2301; x_wconf 84' lang='lat' dir='ltr'><strong>quae</strong></span> <span class='ocrx_word' id='word_1_133' title='bbox 902 2214 1057 2279; x_wconf 74' lang='lat' dir='ltr'><strong>instructa</strong></span> <span class='ocrx_word' id='word_1_134' title='bbox 1072 2226 1145 2282; x_wconf 90' lang='lat' dir='ltr'><strong>sunt</strong></span> <span class='ocrx_word' id='word_1_135' title='bbox 1161 2221 1201 2283; x_wconf 90' lang='lat' dir='ltr'><strong>ab</strong></span> <span class='ocrx_word' id='word_1_136' title='bbox 1215 2220 1295 2286; x_wconf 86' lang='lat' dir='ltr'><strong>illis:</strong></span> 
     </span>
     <span class='ocr_line' id='line_1_17' title="bbox 301 2312 1298 2400; baseline 0.005 -19"><span class='ocrx_word' id='word_1_137' title='bbox 301 2315 407 2400; x_wconf 81' lang='lat' dir='ltr'><strong>quales</strong></span> <span class='ocrx_word' id='word_1_138' title='bbox 424 2314 506 2378; x_wconf 91' lang='lat' dir='ltr'><strong>enim</strong></span> <span class='ocrx_word' id='word_1_139' title='bbox 522 2314 585 2379; x_wconf 90' lang='lat' dir='ltr'><strong>sint</strong></span> <span class='ocrx_word' id='word_1_140' title='bbox 600 2312 754 2396; x_wconf 82' lang='lat' dir='ltr'><strong>magistri,</strong></span> <span class='ocrx_word' id='word_1_141' title='bbox 772 2315 903 2396; x_wconf 82' lang='lat' dir='ltr'><strong>probant</strong></span> <span class='ocrx_word' id='word_1_142' title='bbox 916 2313 1064 2400; x_wconf 84' lang='lat' dir='ltr'><strong>Discipuli</strong></span> <span class='ocrx_word' id='word_1_143' title='bbox 1073 2341 1081 2391; x_wconf 91' lang='lat'>;</span> <span class='ocrx_word' id='word_1_144' title='bbox 1099 2319 1178 2383; x_wconf 90' lang='lat' dir='ltr'><strong>sicut</strong></span> <span class='ocrx_word' id='word_1_145' title='bbox 1195 2322 1298 2387; x_wconf 85' lang='lat' dir='ltr'><strong>omnia</strong></span> 
     </span>
     <span class='ocr_line' id='line_1_18' title="bbox 301 2413 1297 2506; baseline 0.006 -27"><span class='ocrx_word' id='word_1_146' title='bbox 301 2436 370 2499; x_wconf 80' lang='lat' dir='ltr'><strong>quae</strong></span> <span class='ocrx_word' id='word_1_147' title='bbox 391 2413 458 2478; x_wconf 88' lang='lat' dir='ltr'><strong>sine</strong></span> <span class='ocrx_word' id='word_1_148' title='bbox 481 2435 515 2477; x_wconf 88' lang='lat' dir='ltr'><strong>se</strong></span> <span class='ocrx_word' id='word_1_149' title='bbox 538 2433 606 2477; x_wconf 83' lang='lat' dir='ltr'><strong>esse</strong></span> <span class='ocrx_word' id='word_1_150' title='bbox 628 2433 689 2474; x_wconf 90' lang='lat' dir='ltr'><strong>non</strong></span> <span class='ocrx_word' id='word_1_151' title='bbox 710 2423 850 2496; x_wconf 81' lang='lat' dir='ltr'><strong>possunt.</strong></span> <span class='ocrx_word' id='word_1_152' title='bbox 873 2449 918 2462; x_wconf 89' lang='lat'><em>-</em></span> <span class='ocrx_word' id='word_1_153' title='bbox 939 2415 1026 2478; x_wconf 81' lang='lat' dir='ltr'><strong>Ecce</strong></span> <span class='ocrx_word' id='word_1_154' title='bbox 1050 2427 1143 2481; x_wconf 81' lang='lat' dir='ltr'><strong>tertio</strong></span> <span class='ocrx_word' id='word_1_155' title='bbox 1158 2434 1297 2506; x_wconf 79' lang='lat' dir='ltr'><strong>paratus</strong></span> 
     </span>
     <span class='ocr_line' id='line_1_19' title="bbox 301 2511 1297 2600; baseline 0.007 -22"><span class='ocrx_word' id='word_1_156' title='bbox 301 2538 381 2578; x_wconf 75' lang='lat' dir='ltr'><strong>snm.</strong></span> <span class='ocrx_word' id='word_1_157' title='bbox 399 2513 411 2600; x_wconf 90' lang='lat'>]</span> <span class='ocrx_word' id='word_1_158' title='bbox 423 2513 525 2578; x_wconf 86' lang='lat' dir='ltr'><strong>Semel</strong></span> <span class='ocrx_word' id='word_1_159' title='bbox 537 2519 665 2576; x_wconf 88' lang='lat' dir='ltr'><strong>venerat</strong></span> <span class='ocrx_word' id='word_1_160' title='bbox 679 2511 719 2575; x_wconf 91' lang='lat' dir='ltr'><strong>ad</strong></span> <span class='ocrx_word' id='word_1_161' title='bbox 734 2532 787 2575; x_wconf 90' lang='lat' dir='ltr'><strong>eos</strong></span> <span class='ocrx_word' id='word_1_162' title='bbox 798 2563 805 2588; x_wconf 94' lang='lat'>,</span> <span class='ocrx_word' id='word_1_163' title='bbox 822 2521 855 2578; x_wconf 91' lang='lat' dir='ltr'><strong>et</strong></span> <span class='ocrx_word' id='word_1_164' title='bbox 868 2513 930 2576; x_wconf 87' lang='lat' dir='ltr'><strong>alia</strong></span> <span class='ocrx_word' id='word_1_165' title='bbox 939 2513 1006 2578; x_wconf 89' lang='lat' dir='ltr'><strong>vice</strong></span> <span class='ocrx_word' id='word_1_166' title='bbox 1017 2527 1142 2599; x_wconf 80' lang='lat' dir='ltr'><strong>paratus</strong></span> <span class='ocrx_word' id='word_1_167' title='bbox 1153 2517 1226 2594; x_wconf 87' lang='lat' dir='ltr'><strong>fuit,</strong></span> <span class='ocrx_word' id='word_1_168' title='bbox 1240 2522 1297 2585; x_wconf 91' lang='lat' dir='ltr'><strong>sed</strong></span> 
     </span>
     <span class='ocr_line' id='line_1_20' title="bbox 301 2611 1298 2697; baseline 0.005 -18"><span class='ocrx_word' id='word_1_169' title='bbox 301 2635 363 2679; x_wconf 91' lang='lat' dir='ltr'><strong>non</strong></span> <span class='ocrx_word' id='word_1_170' title='bbox 382 2612 493 2679; x_wconf 87' lang='lat' dir='ltr'><strong>venit:</strong></span> <span class='ocrx_word' id='word_1_171' title='bbox 512 2619 544 2675; x_wconf 91' lang='lat' dir='ltr'><strong>et</strong></span> <span class='ocrx_word' id='word_1_172' title='bbox 557 2611 614 2674; x_wconf 92' lang='lat' dir='ltr'><strong>hoc</strong></span> <span class='ocrx_word' id='word_1_173' title='bbox 634 2617 683 2675; x_wconf 87' lang='lat' dir='ltr'><strong>est</strong></span> <span class='ocrx_word' id='word_1_174' title='bbox 700 2611 809 2687; x_wconf 87' lang='lat' dir='ltr'><strong>tertio,</strong></span> <span class='ocrx_word' id='word_1_175' title='bbox 827 2613 927 2696; x_wconf 88' lang='lat' dir='ltr'><strong>quoad</strong></span> <span class='ocrx_word' id='word_1_176' title='bbox 949 2634 1002 2676; x_wconf 88' lang='lat' dir='ltr'><strong>eos</strong></span> <span class='ocrx_word' id='word_1_177' title='bbox 1017 2623 1156 2697; x_wconf 86' lang='lat' dir='ltr'><strong>paratum</strong></span> <span class='ocrx_word' id='word_1_178' title='bbox 1173 2639 1208 2682; x_wconf 85' lang='lat' dir='ltr'><strong>se</strong></span> <span class='ocrx_word' id='word_1_179' title='bbox 1222 2618 1298 2684; x_wconf 89' lang='lat' dir='ltr'><strong>dicit</strong></span> 
     </span>
     <span class='ocr_line' id='line_1_21' title="bbox 301 2708 1298 2797; baseline 0.007 -20"><span class='ocrx_word' id='word_1_180' title='bbox 301 2713 415 2777; x_wconf 90' lang='lat' dir='ltr'><strong>venire.</strong></span> <span class='ocrx_word' id='word_1_181' title='bbox 445 2747 484 2760; x_wconf 95' lang='lat'><em>-</em></span> <span class='ocrx_word' id='word_1_182' title='bbox 509 2709 586 2774; x_wconf 84' lang='lat' dir='ltr'><strong>Non</strong></span> <span class='ocrx_word' id='word_1_183' title='bbox 594 2732 648 2771; x_wconf 83' lang='lat' dir='ltr'><strong>ero</strong></span> <span class='ocrx_word' id='word_1_184' title='bbox 656 2717 768 2796; x_wconf 73' lang='lat' dir='ltr'><strong>gravtr</strong></span> <span class='ocrx_word' id='word_1_185' title='bbox 777 2708 882 2774; x_wconf 78' lang='lat' dir='ltr'><strong>vobis.</strong></span> <span class='ocrx_word' id='word_1_186' title='bbox 893 2708 905 2797; x_wconf 89' lang='lat'>]</span> <span class='ocrx_word' id='word_1_187' title='bbox 916 2712 967 2776; x_wconf 90' lang='lat' dir='ltr'><strong>Ne</strong></span> <span class='ocrx_word' id='word_1_188' title='bbox 978 2712 1128 2780; x_wconf 89' lang='lat' dir='ltr'><strong>diceretur</strong></span> <span class='ocrx_word' id='word_1_189' title='bbox 1138 2715 1206 2781; x_wconf 88' lang='lat' dir='ltr'><strong>ideo</strong></span> <span class='ocrx_word' id='word_1_190' title='bbox 1217 2739 1298 2784; x_wconf 87' lang='lat' dir='ltr'><strong>nunc</strong></span> 
     </span>
     <span class='ocr_line' id='line_1_22' title="bbox 301 2808 1295 2898; baseline 0.008 -23"><span class='ocrx_word' id='word_1_191' title='bbox 301 2813 417 2887; x_wconf 84' lang='lat' dir='ltr'><strong>venire,</strong></span> <span class='ocrx_word' id='word_1_192' title='bbox 431 2819 469 2875; x_wconf 90' lang='lat' dir='ltr'><strong>ut</strong></span> <span class='ocrx_word' id='word_1_193' title='bbox 484 2809 633 2895; x_wconf 89' lang='lat' dir='ltr'><strong>quidquid</strong></span> <span class='ocrx_word' id='word_1_194' title='bbox 646 2808 719 2873; x_wconf 89' lang='lat' dir='ltr'><strong>olim</strong></span> <span class='ocrx_word' id='word_1_195' title='bbox 734 2808 779 2873; x_wconf 75' lang='lat' dir='ltr'><strong>cis</strong></span> <span class='ocrx_word' id='word_1_196' title='bbox 792 2819 982 2894; x_wconf 83' lang='lat' dir='ltr'><strong>pepercerat,</strong></span> <span class='ocrx_word' id='word_1_197' title='bbox 1000 2814 1091 2879; x_wconf 90' lang='lat' dir='ltr'><strong>modo</strong></span> <span class='ocrx_word' id='word_1_198' title='bbox 1110 2815 1295 2898; x_wconf 77' lang='lat' dir='ltr'><strong>surriperet:</strong></span> 
     </span>
     <span class='ocr_line' id='line_1_23' title="bbox 301 2907 1298 2994; baseline 0.004 -17"><span class='ocrx_word' id='word_1_199' title='bbox 301 2912 392 2989; x_wconf 85' lang='lat' dir='ltr'><strong>dicit,</strong></span> <span class='ocrx_word' id='word_1_200' title='bbox 403 2932 465 2975; x_wconf 89' lang='lat' dir='ltr'><strong>non</strong></span> <span class='ocrx_word' id='word_1_201' title='bbox 479 2930 531 2973; x_wconf 90' lang='lat' dir='ltr'><strong>ero</strong></span> <span class='ocrx_word' id='word_1_202' title='bbox 543 2908 646 2993; x_wconf 89' lang='lat' dir='ltr'><strong>gravis</strong></span> <span class='ocrx_word' id='word_1_203' title='bbox 657 2907 760 2982; x_wconf 89' lang='lat' dir='ltr'><strong>vobis;</strong></span> <span class='ocrx_word' id='word_1_204' title='bbox 779 2910 854 2993; x_wconf 84' lang='lat' dir='ltr'><strong>quia</strong></span> <span class='ocrx_word' id='word_1_205' title='bbox 866 2931 926 2973; x_wconf 90' lang='lat' dir='ltr'><strong>non</strong></span> <span class='ocrx_word' id='word_1_206' title='bbox 944 2931 1047 2994; x_wconf 70' lang='lat' dir='ltr'><strong>quaero</strong></span> <span class='ocrx_word' id='word_1_207' title='bbox 1060 2921 1179 2988; x_wconf 76' lang='lat' dir='ltr'><strong>vestra,</strong></span> <span class='ocrx_word' id='word_1_208' title='bbox 1193 2920 1226 2979; x_wconf 91' lang='lat' dir='ltr'><strong>et</strong></span> <span class='ocrx_word' id='word_1_209' title='bbox 1239 2915 1298 2982; x_wconf 83' lang='lat' dir='ltr'><strong>hoc</strong></span> 
     </span>
     <span class='ocr_line' id='line_1_24' title="bbox 302 3005 1301 3096; baseline -0.002 -20"><span class='ocrx_word' id='word_1_210' title='bbox 302 3018 424 3076; x_wconf 87' lang='lat' dir='ltr'><strong>estnon</strong></span> <span class='ocrx_word' id='word_1_211' title='bbox 437 3009 573 3095; x_wconf 77' lang='lat' dir='ltr'><strong>gravabo</strong></span> <span class='ocrx_word' id='word_1_212' title='bbox 588 3029 653 3073; x_wconf 80' lang='lat' dir='ltr'><strong>vos</strong></span> <span class='ocrx_word' id='word_1_213' title='bbox 680 3043 720 3055; x_wconf 97' lang='lat'>-</span> <span class='ocrx_word' id='word_1_214' title='bbox 743 3005 902 3095; x_wconf 73' lang='lat' dir='ltr'><strong>Numquid</strong></span> <span class='ocrx_word' id='word_1_215' title='bbox 907 3030 972 3093; x_wconf 86' lang='lat' dir='ltr'><strong>per</strong></span> <span class='ocrx_word' id='word_1_216' title='bbox 983 3007 1146 3096; x_wconf 70' lang='lat' dir='ltr'><strong>aliquem]</strong></span> <span class='ocrx_word' id='word_1_217' title='bbox 1168 3012 1218 3074; x_wconf 93' lang='lat' dir='ltr'><strong>Ne</strong></span> <span class='ocrx_word' id='word_1_218' title='bbox 1231 3016 1301 3096; x_wconf 83' lang='lat' dir='ltr'><strong>quis</strong></span> 
     </span>
     <span class='ocr_line' id='line_1_25' title="bbox 301 3106 1300 3197; baseline -0.001 -21"><span class='ocrx_word' id='word_1_219' title='bbox 301 3110 402 3185; x_wconf 89' lang='lat' dir='ltr'><strong>dicat,</strong></span> <span class='ocrx_word' id='word_1_220' title='bbox 416 3115 452 3175; x_wconf 93' lang='lat' dir='ltr'><strong>tu</strong></span> <span class='ocrx_word' id='word_1_221' title='bbox 468 3108 592 3193; x_wconf 89' lang='lat' dir='ltr'><strong>quidem</strong></span> <span class='ocrx_word' id='word_1_222' title='bbox 611 3127 668 3192; x_wconf 89' lang='lat' dir='ltr'><strong>per</strong></span> <span class='ocrx_word' id='word_1_223' title='bbox 685 3116 717 3171; x_wconf 89' lang='lat' dir='ltr'><strong>te</strong></span> <span class='ocrx_word' id='word_1_224' title='bbox 736 3126 796 3170; x_wconf 92' lang='lat' dir='ltr'><strong>non</strong></span> <span class='ocrx_word' id='word_1_225' title='bbox 812 3106 948 3190; x_wconf 80' lang='lat' dir='ltr'><strong>gravasti</strong></span> <span class='ocrx_word' id='word_1_226' title='bbox 968 3126 1040 3182; x_wconf 89' lang='lat' dir='ltr'><strong>nos,</strong></span> <span class='ocrx_word' id='word_1_227' title='bbox 1055 3109 1109 3171; x_wconf 87' lang='lat' dir='ltr'><strong>sed</strong></span> <span class='ocrx_word' id='word_1_228' title='bbox 1124 3109 1231 3175; x_wconf 83' lang='lat' dir='ltr'><strong>callide</strong></span> <span class='ocrx_word' id='word_1_229' title='bbox 1244 3134 1300 3197; x_wconf 84' lang='lat' dir='ltr'><strong>per</strong></span> 
     </span>
     <span class='ocr_line' id='line_1_26' title="bbox 304 3196 1294 3293; baseline 0 -17"><span class='ocrx_word' id='word_1_230' title='bbox 304 3219 385 3285; x_wconf 85' lang='lat' dir='ltr'><strong>tuos,</strong></span> <span class='ocrx_word' id='word_1_231' title='bbox 401 3209 459 3274; x_wconf 93' lang='lat' dir='ltr'><strong>hoc</strong></span> <span class='ocrx_word' id='word_1_232' title='bbox 475 3215 623 3288; x_wconf 78' lang='lat' dir='ltr'><strong>removet.</strong></span> <span class='ocrx_word' id='word_1_233' title='bbox 651 3243 693 3256; x_wconf 97' lang='lat'><em>-</em></span> <span class='ocrx_word' id='word_1_234' title='bbox 721 3205 809 3291; x_wconf 81' lang='lat' dir='ltr'><strong>Quos</strong></span> <span class='ocrx_word' id='word_1_235' title='bbox 823 3214 897 3270; x_wconf 76' lang='lat' dir='ltr'><strong>mist</strong></span> <span class='ocrx_word' id='word_1_236' title='bbox 919 3204 965 3269; x_wconf 85' lang='lat' dir='ltr'><strong>od</strong></span> <span class='ocrx_word' id='word_1_237' title='bbox 977 3205 1067 3293; x_wconf 76' lang='lat' dir='ltr'><strong>voa]</strong></span> <span class='ocrx_word' id='word_1_238' title='bbox 1086 3196 1294 3290; x_wconf 73' lang='lat' dir='ltr'><strong>Furnillam,</strong></span> 
     </span>
     <span class='ocr_line' id='line_1_27' title="bbox 304 3305 1300 3397; baseline 0.007 -25"><span class='ocrx_word' id='word_1_239' title='bbox 304 3310 419 3397; x_wconf 85' lang='lat' dir='ltr'><strong>inquit,</strong></span> <span class='ocrx_word' id='word_1_240' title='bbox 437 3329 515 3393; x_wconf 86' lang='lat' dir='ltr'><strong>quos</strong></span> <span class='ocrx_word' id='word_1_241' title='bbox 527 3307 569 3371; x_wconf 89' lang='lat' dir='ltr'><strong>ad</strong></span> <span class='ocrx_word' id='word_1_242' title='bbox 582 3328 639 3373; x_wconf 89' lang='lat' dir='ltr'><strong>vos</strong></span> <span class='ocrx_word' id='word_1_243' title='bbox 652 3305 806 3378; x_wconf 81' lang='lat' dir='ltr'><strong>miserim.</strong></span> <span class='ocrx_word' id='word_1_244' title='bbox 825 3305 931 3390; x_wconf 83' lang='lat' dir='ltr'><strong>decepi</strong></span> <span class='ocrx_word' id='word_1_245' title='bbox 945 3326 1021 3380; x_wconf 88' lang='lat' dir='ltr'><strong>vos;</strong></span> <span class='ocrx_word' id='word_1_246' title='bbox 1041 3308 1115 3391; x_wconf 87' lang='lat' dir='ltr'><strong>quia</strong></span> <span class='ocrx_word' id='word_1_247' title='bbox 1130 3329 1229 3394; x_wconf 89' lang='lat' dir='ltr'><strong>neque</strong></span> <span class='ocrx_word' id='word_1_248' title='bbox 1245 3334 1300 3397; x_wconf 88' lang='lat' dir='ltr'><strong>per</strong></span> 
     </span>
     <span class='ocr_line' id='line_1_28' title="bbox 304 3406 1299 3498; baseline 0.002 -23"><span class='ocrx_word' id='word_1_249' title='bbox 304 3410 420 3487; x_wconf 83' lang='lat' dir='ltr'><strong>Titum,</strong></span> <span class='ocrx_word' id='word_1_250' title='bbox 432 3428 532 3492; x_wconf 87' lang='lat' dir='ltr'><strong>neque</strong></span> <span class='ocrx_word' id='word_1_251' title='bbox 543 3407 731 3482; x_wconf 79' lang='lat' dir='ltr'><strong>Barnabam,</strong></span> <span class='ocrx_word' id='word_1_252' title='bbox 745 3426 846 3490; x_wconf 88' lang='lat' dir='ltr'><strong>neque</strong></span> <span class='ocrx_word' id='word_1_253' title='bbox 855 3427 910 3490; x_wconf 92' lang='lat' dir='ltr'><strong>per</strong></span> <span class='ocrx_word' id='word_1_254' title='bbox 919 3406 1085 3491; x_wconf 83' lang='lat' dir='ltr'><strong>quemlibet</strong></span> <span class='ocrx_word' id='word_1_255' title='bbox 1093 3408 1186 3474; x_wconf 90' lang='lat' dir='ltr'><strong>alium</strong></span> <span class='ocrx_word' id='word_1_256' title='bbox 1194 3411 1299 3498; x_wconf 91' lang='lat' dir='ltr'><strong>decepi</strong></span> 
     </span>
     <span class='ocr_line' id='line_1_29' title="bbox 306 3503 1300 3590; baseline 0.006 -18"><span class='ocrx_word' id='word_1_257' title='bbox 306 3529 380 3584; x_wconf 88' lang='lat' dir='ltr'><strong>vos;</strong></span> <span class='ocrx_word' id='word_1_258' title='bbox 398 3529 469 3573; x_wconf 84' lang='lat' dir='ltr'><strong>num</strong></span> <span class='ocrx_word' id='word_1_259' title='bbox 487 3526 608 3589; x_wconf 86' lang='lat' dir='ltr'><strong>semper</strong></span> <span class='ocrx_word' id='word_1_260' title='bbox 623 3504 706 3569; x_wconf 88' lang='lat' dir='ltr'><strong>idem</strong></span> <span class='ocrx_word' id='word_1_261' title='bbox 720 3503 763 3568; x_wconf 85' lang='lat' dir='ltr'><strong>fui</strong></span> <span class='ocrx_word' id='word_1_262' title='bbox 782 3528 788 3565; x_wconf 76' lang='grc' dir='ltr'><strong><em>ε</em></strong></span> <span class='ocrx_word' id='word_1_263' title='bbox 807 3513 839 3569; x_wconf 89' lang='lat' dir='ltr'><strong>et</strong></span> <span class='ocrx_word' id='word_1_264' title='bbox 856 3506 913 3570; x_wconf 93' lang='lat' dir='ltr'><strong>hoc</strong></span> <span class='ocrx_word' id='word_1_265' title='bbox 928 3513 977 3570; x_wconf 88' lang='lat' dir='ltr'><strong>est</strong></span> <span class='ocrx_word' id='word_1_266' title='bbox 994 3507 1075 3590; x_wconf 89' lang='lat' dir='ltr'><strong>quod</strong></span> <span class='ocrx_word' id='word_1_267' title='bbox 1093 3508 1183 3585; x_wconf 89' lang='lat' dir='ltr'><strong>dicit,</strong></span> <span class='ocrx_word' id='word_1_268' title='bbox 1201 3533 1300 3578; x_wconf 88' lang='lat' dir='ltr'><strong>nonne</strong></span> 
     </span>
     <span class='ocr_line' id='line_1_30' title="bbox 305 3603 1300 3699; baseline 0.002 -27"><span class='ocrx_word' id='word_1_269' title='bbox 305 3608 414 3672; x_wconf 86' lang='lat' dir='ltr'><strong>eodem</strong></span> <span class='ocrx_word' id='word_1_270' title='bbox 424 3605 533 3691; x_wconf 85' lang='lat' dir='ltr'><strong>spiritu</strong></span> <span class='ocrx_word' id='word_1_271' title='bbox 542 3603 777 3679; x_wconf 87' lang='lat' dir='ltr'><strong>ambulavimus,</strong></span> <span class='ocrx_word' id='word_1_272' title='bbox 788 3611 847 3669; x_wconf 89' lang='lat' dir='ltr'><strong>etc.</strong></span> <span class='ocrx_word' id='word_1_273' title='bbox 860 3640 905 3654; x_wconf 88' lang='lat'><strong>-—</strong></span> <span class='ocrx_word' id='word_1_274' title='bbox 925 3604 1032 3669; x_wconf 76' lang='lat' dir='ltr'><strong>Timeo</strong></span> <span class='ocrx_word' id='word_1_275' title='bbox 1041 3615 1125 3670; x_wconf 81' lang='lat' dir='ltr'><strong>enim</strong></span> <span class='ocrx_word' id='word_1_276' title='bbox 1134 3631 1173 3671; x_wconf 82' lang='lat' dir='ltr'><strong>nc</strong></span> <span class='ocrx_word' id='word_1_277' title='bbox 1172 3608 1300 3699; x_wconf 67' lang='lat' dir='ltr'><strong>sonu]</strong></span> 
     </span>
     <span class='ocr_line' id='line_1_31' title="bbox 305 3702 1300 3789; baseline 0.003 -17"><span class='ocrx_word' id='word_1_278' title='bbox 305 3707 441 3772; x_wconf 81' lang='lat' dir='ltr'><strong>Facilius</strong></span> <span class='ocrx_word' id='word_1_279' title='bbox 455 3704 537 3768; x_wconf 88' lang='lat' dir='ltr'><strong>enirn</strong></span> <span class='ocrx_word' id='word_1_280' title='bbox 551 3703 593 3769; x_wconf 87' lang='lat' dir='ltr'><strong>ad</strong></span> <span class='ocrx_word' id='word_1_281' title='bbox 607 3704 698 3767; x_wconf 89' lang='lat' dir='ltr'><strong>fidem</strong></span> <span class='ocrx_word' id='word_1_282' title='bbox 717 3702 899 3780; x_wconf 88' lang='lat' dir='ltr'><strong>veniebant,</strong></span> <span class='ocrx_word' id='word_1_283' title='bbox 918 3705 999 3789; x_wconf 90' lang='lat' dir='ltr'><strong>quod</strong></span> <span class='ocrx_word' id='word_1_284' title='bbox 1014 3707 1052 3768; x_wconf 86' lang='lat' dir='ltr'><strong>ab</strong></span> <span class='ocrx_word' id='word_1_285' title='bbox 1069 3707 1114 3770; x_wconf 84' lang='lat' dir='ltr'><strong>eis</strong></span> <span class='ocrx_word' id='word_1_286' title='bbox 1129 3707 1203 3772; x_wconf 88' lang='lat' dir='ltr'><strong>nihil</strong></span> <span class='ocrx_word' id='word_1_287' title='bbox 1219 3711 1300 3775; x_wconf 88' lang='lat' dir='ltr'><strong>acci·</strong></span> 
     </span>
     <span class='ocr_line' id='line_1_32' title="bbox 306 3802 1302 3890; baseline 0.005 -22"><span class='ocrx_word' id='word_1_288' title='bbox 306 3804 427 3890; x_wconf 87' lang='lat' dir='ltr'><strong>piebat;</strong></span> <span class='ocrx_word' id='word_1_289' title='bbox 439 3810 472 3868; x_wconf 92' lang='lat' dir='ltr'><strong>et</strong></span> <span class='ocrx_word' id='word_1_290' title='bbox 484 3802 673 3886; x_wconf 87' lang='lat' dir='ltr'><strong>siacciperet</strong></span> <span class='ocrx_word' id='word_1_291' title='bbox 685 3804 780 3867; x_wconf 90' lang='lat' dir='ltr'><strong>tutius</strong></span> <span class='ocrx_word' id='word_1_292' title='bbox 791 3811 969 3887; x_wconf 84' lang='lat' dir='ltr'><strong>peccarent.</strong></span> <span class='ocrx_word' id='word_1_293' title='bbox 984 3811 1016 3869; x_wconf 90' lang='lat' dir='ltr'><strong>et</strong></span> <span class='ocrx_word' id='word_1_294' title='bbox 1026 3805 1094 3869; x_wconf 89' lang='lat' dir='ltr'><strong>ideo</strong></span> <span class='ocrx_word' id='word_1_295' title='bbox 1106 3805 1195 3871; x_wconf 90' lang='lat' dir='ltr'><strong>dicit:</strong></span> <span class='ocrx_word' id='word_1_296' title='bbox 1208 3809 1302 3875; x_wconf 85' lang='lat' dir='ltr'><strong>timeo</strong></span> 
     </span>
     <span class='ocr_line' id='line_1_33' title="bbox 308 3903 1303 3992; baseline 0.005 -23"><span class='ocrx_word' id='word_1_297' title='bbox 308 3903 400 3979; x_wconf 73' lang='lat' dir='ltr'><strong>mim,</strong></span> <span class='ocrx_word' id='word_1_298' title='bbox 413 3911 471 3968; x_wconf 84' lang='lat' dir='ltr'><strong>etc.</strong></span> <span class='ocrx_word' id='word_1_299' title='bbox 496 3939 538 3951; x_wconf 93' lang='lat'>-</span> <span class='ocrx_word' id='word_1_300' title='bbox 560 3903 607 3965; x_wconf 78' lang='lat' dir='ltr'><strong>Et</strong></span> <span class='ocrx_word' id='word_1_301' title='bbox 615 3924 678 3964; x_wconf 85' lang='lat' dir='ltr'><strong>non</strong></span> <span class='ocrx_word' id='word_1_302' title='bbox 691 3915 824 3988; x_wconf 83' lang='lat' dir='ltr'><strong>egerunt</strong></span> <span class='ocrx_word' id='word_1_303' title='bbox 826 3911 1059 3991; x_wconf 79' lang='lat' dir='ltr'><strong>poenitentiam.</strong></span> <span class='ocrx_word' id='word_1_304' title='bbox 1073 3905 1156 3971; x_wconf 85' lang='lat' dir='ltr'><strong>Hinc</strong></span> <span class='ocrx_word' id='word_1_305' title='bbox 1166 3928 1303 3992; x_wconf 86' lang='lat' dir='ltr'><strong>compro-</strong></span> 
     </span>
     <span class='ocr_line' id='line_1_34' title="bbox 309 4001 1302 4093; baseline 0.005 -24"><span class='ocrx_word' id='word_1_306' title='bbox 309 4005 398 4069; x_wconf 82' lang='lat' dir='ltr'><strong>batur</strong></span> <span class='ocrx_word' id='word_1_307' title='bbox 411 4001 522 4067; x_wconf 81' lang='lat' dir='ltr'><strong>falsum</strong></span> <span class='ocrx_word' id='word_1_308' title='bbox 534 4021 601 4065; x_wconf 76' lang='lat' dir='ltr'><strong>esse</strong></span> <span class='ocrx_word' id='word_1_309' title='bbox 616 4002 699 4085; x_wconf 94' lang='lat' dir='ltr'><strong>quod</strong></span> <span class='ocrx_word' id='word_1_310' title='bbox 711 4022 854 4086; x_wconf 87' lang='lat' dir='ltr'><strong>perverse</strong></span> <span class='ocrx_word' id='word_1_311' title='bbox 865 4001 1068 4087; x_wconf 75' lang='lat' dir='ltr'><strong>intelligentes</strong></span> <span class='ocrx_word' id='word_1_312' title='bbox 1082 4003 1302 4093; x_wconf 78' lang='lat' dir='ltr'><strong>inconsiderate</strong></span> 
     </span>
     <span class='ocr_line' id='line_1_35' title="bbox 308 4100 1303 4190; baseline 0.005 -23"><span class='ocrx_word' id='word_1_313' title='bbox 308 4108 494 4167; x_wconf 83' lang='lat' dir='ltr'><strong>attestantur</strong></span> <span class='ocrx_word' id='word_1_314' title='bbox 510 4101 694 4185; x_wconf 85' lang='lat' dir='ltr'><strong>Apostolum</strong></span> <span class='ocrx_word' id='word_1_315' title='bbox 713 4100 744 4164; x_wconf 89' lang='lat' dir='ltr'><strong>in</strong></span> <span class='ocrx_word' id='word_1_316' title='bbox 766 4100 906 4185; x_wconf 90' lang='lat' dir='ltr'><strong>Epistola</strong></span> <span class='ocrx_word' id='word_1_317' title='bbox 919 4122 977 4166; x_wconf 86' lang='lat' dir='ltr'><strong>sua</strong></span> <span class='ocrx_word' id='word_1_318' title='bbox 992 4103 1034 4169; x_wconf 85' lang='lat' dir='ltr'><strong>ad</strong></span> <span class='ocrx_word' id='word_1_319' title='bbox 1049 4103 1198 4172; x_wconf 76' lang='lat' dir='ltr'><strong>Hebraeos</strong></span> <span class='ocrx_word' id='word_1_320' title='bbox 1210 4107 1303 4190; x_wconf 87' lang='lat' dir='ltr'><strong>scrip·</strong></span> 
     </span>
     <span class='ocr_line' id='line_1_36' title="bbox 310 4199 1131 4284; baseline 0.001 -19"><span class='ocrx_word' id='word_1_321' title='bbox 310 4201 397 4277; x_wconf 86' lang='lat' dir='ltr'><strong>sisse,</strong></span> <span class='ocrx_word' id='word_1_322' title='bbox 410 4201 514 4283; x_wconf 85' lang='lat' dir='ltr'><strong>lapsos</strong></span> <span class='ocrx_word' id='word_1_323' title='bbox 527 4199 666 4263; x_wconf 83' lang='lat' dir='ltr'><strong>renovari</strong></span> <span class='ocrx_word' id='word_1_324' title='bbox 681 4200 719 4263; x_wconf 90' lang='lat' dir='ltr'><strong>ad</strong></span> <span class='ocrx_word' id='word_1_325' title='bbox 735 4200 946 4283; x_wconf 79' lang='lat' dir='ltr'><strong>poenitentiam</strong></span> <span class='ocrx_word' id='word_1_326' title='bbox 960 4223 1020 4266; x_wconf 91' lang='lat' dir='ltr'><strong>non</strong></span> <span class='ocrx_word' id='word_1_327' title='bbox 1031 4221 1131 4284; x_wconf 86' lang='lat' dir='ltr'><strong>posse.</strong></span> 
     </span>
     <span class='ocr_line' id='line_1_37' title="bbox 1166 4308 1193 4352; baseline 0 0"><span class='ocrx_word' id='word_1_328' title='bbox 1166 4308 1193 4352; x_wconf 86' lang='lat' dir='ltr'><strong>c.</strong></span> 
     </span>
    </p>
   </div>
   <div class='ocr_carea' id='block_1_7' title="bbox 0 0 1614 5442">
    <p class='ocr_par' dir='ltr' id='par_1_7' title="bbox 0 0 1614 5442">
     <span class='ocr_line' id='line_1_38' title="bbox 0 0 1614 5442; baseline 0 0"><span class='ocrx_word' id='word_1_329' title='bbox 0 0 1614 5442; x_wconf 95' lang='lat' dir='ltr'><strong> </strong></span> 
     </span>
    </p>
   </div>
  </div>
 </body>
</html>
