3184 5442
671 709 700 750 D.
728 706 903 750 LANFRANCI

714 1078 782 1119 CAP.
810 1078 867 1118 ΧΠ.

343 1294 423 1378 Quoe
438 1300 479 1355 sit
492 1291 643 1354 voluntas
658 1290 720 1351 Dei
735 1288 829 1351 hona.
847 1287 910 1373 ]Id
924 1293 987 1363 est,
1002 1286 1116 1352 faciens
1127 1290 1240 1364 bonos,
1258 1298 1290 1353 et

295 1393 535 1464 benefacientes,
548 1399 580 1455 et
596 1389 756 1475 perfectos
779 1426 820 1437 -
838 1390 917 1450 Dico
933 1391 1029 1450 enim.
1042 1387 1123 1473 ]Per
1138 1390 1287 1474 gratiam,

296 1493 409 1576 inquit,
429 1513 491 1575 qua
512 1515 562 1558 me
581 1491 668 1555 Deus
687 1490 872 1572 Apostolum
888 1494 1024 1551 vestrum
1044 1486 1133 1563 fecit,
1151 1489 1291 1552 omnibus

295 1592 455 1676 praecipio,
472 1613 532 1655 non
548 1591 619 1674 plus
637 1589 824 1674 investigare
842 1606 935 1670 opera
952 1587 1028 1662 Dei,
1046 1609 1138 1670 quam
1156 1596 1288 1672 oportet.

298 1730 339 1741 -
364 1692 432 1755 Sed
451 1689 600 1778 sapere]
623 1691 755 1773 Sapere,
777 1687 809 1751 id
830 1695 893 1764 est,
914 1687 1082 1772 intelligere
1101 1688 1219 1752 debetis
1239 1710 1291 1752 se-

293 1795 424 1858 eundum
443 1791 647 1864 differentias,
668 1790 781 1853 donum
798 1787 877 1861 Dei,
897 1787 970 1871 quia
985 1808 1075 1851 omne
1089 1788 1202 1851 donum
1216 1789 1290 1873 Spi-

294 1893 371 1958 ritus
391 1893 488 1958 sanoti
504 1891 646 1956 differens
666 1891 740 1955 esti
761 1889 844 1973 quod
864 1894 912 1951 est
933 1888 1079 1952 habentes
1099 1887 1289 1953 donationes.

300 2029 339 2042 -
365 1994 409 2056 Et
422 2000 601 2080 unicuiqae.
619 1989 739 2076 ]Ordo.
755 1989 809 2054 Sic
823 1988 909 2053 Deus
919 1986 1023 2052 divisit
1038 1987 1198 2070 unicuique
1209 2009 1293 2051 men-

296 2115 398 2159 suram
408 2095 555 2158 donorum
567 2111 690 2155 suorum
703 2112 711 2163 ;
723 2109 790 2172 quae
806 2089 883 2152 fides
891 2087 1078 2152 credentium
1089 2094 1290 2171 promeretur.

299 2228 340 2243 -
364 2192 452 2255 Sicut
472 2198 568 2253 enim.
585 2189 597 2275 ]
615 2187 752 2270 Exponit
773 2187 904 2270 qualiter
923 2187 1004 2251 dona
1021 2187 1081 2251 Dei
1104 2187 1202 2252 divisa
1221 2197 1293 2252 sunt

296 2289 434 2353 fidelibus
447 2309 454 2351 :
469 2287 621 2362 videlicet,
640 2285 719 2350 siout
732 2283 854 2349 diversa
864 2283 975 2360 officia,
988 2283 1116 2348 diversis
1122 2284 1212 2348 unius
1221 2305 1291 2349 eor·

297 2387 380 2471 poris
399 2386 537 2470 partibus
559 2391 632 2449 sunt
657 2383 849 2448 distributa:
872 2390 909 2448 ut
930 2383 1084 2448 humilitas
1102 2383 1134 2448 in
1157 2385 1295 2449 omnibus

298 2493 505 2552 conservetur.
534 2521 574 2533 -
600 2481 831 2573 Differeates.]
850 2484 910 2548 Vel
920 2482 1099 2548 donationes
1108 2483 1292 2562 differentes,

298 2588 349 2651 vel
367 2608 423 2652 nos
438 2585 624 2651 differentes.
652 2621 692 2635 -
715 2586 881 2648 Rationem
890 2584 990 2670 fidei.
1007 2583 1019 2670 ]
1034 2585 1145 2661 Fides,
1164 2593 1196 2650 et
1215 2586 1293 2650 Pro-

299 2686 435 2771 phetiam
451 2693 484 2751 et
498 2693 610 2752 caetera
630 2705 698 2769 quae
715 2691 883 2770 sequuntur
900 2683 974 2750 facit
991 2685 1103 2750 habere
1123 2688 1292 2752 eredentes.

301 2787 371 2852 Nisi
386 2786 467 2851 enim
479 2787 649 2861 crederent,
664 2806 725 2849 non
735 2785 894 2850 baberent.
906 2788 949 2850 Et
957 2785 988 2849 in
999 2786 1117 2851 ueteris
1130 2787 1296 2852 secundum

299 2886 450 2950 rationem
472 2885 542 2949 fidei
563 2884 747 2970 subintelligi
769 2887 872 2950 debet.
888 2887 932 2952 Et
947 2893 996 2950 est
1010 2907 1138 2951 sensus:
1155 2887 1295 2972 Prophe-

300 2986 377 3052 tiam
386 2987 535 3051 habentes
551 2986 697 3050 debemus
708 3005 776 3049 esse
784 2985 895 3071 singuli
906 2988 1056 3061 membra;
1071 2987 1137 3051 sive
1150 2988 1297 3052 habentes

302 3087 500 3174 mysterium,
514 3086 661 3151 debemus
675 3085 876 3151 ministrando
888 3107 955 3151 esse
970 3087 1048 3151 alter
1062 3087 1187 3152 alterius
1199 3108 1298 3151 mem·

240 3239 244 3245 .
301 3190 368 3265 bra,
383 3194 415 3252 et
428 3195 540 3254 oaetera
555 3178 780 3252 eodemmodo.
808 3225 848 3236 -
872 3187 980 3252 Nolite
998 3210 1066 3250 esse
1083 3187 1264 3273 prudentes.
1285 3187 1297 3274 ]

301 3287 418 3365 Nolite,
434 3287 545 3372 inquit,
561 3287 754 3371 prudentiam
765 3296 901 3353 vestram
917 3289 999 3371 apud
1015 3288 1216 3372 vosmetipsos
1227 3294 1297 3352 tan-

302 3392 369 3448 tum
384 3387 550 3459 excedere;
571 3387 627 3449 sed
645 3387 744 3468 magis
761 3388 844 3469 apud
858 3387 1025 3471 proximos.
1053 3422 1093 3435 -
1117 3386 1207 3451 Nulo·
1227 3411 1298 3450 ma-

304 3483 379 3545 lam.
395 3481 407 3568 ]
424 3482 543 3546 Malum
554 3483 663 3547 vitium
676 3483 818 3549 videlicet
827 3492 862 3549 ut
872 3485 1006 3549 vindicet
1016 3505 1062 3548 se.
1089 3520 1129 3534 -
1156 3487 1239 3550 Date
1252 3488 1299 3551 lo·

304 3603 374 3644 oum
387 3588 456 3642 irre.
469 3579 481 3665 ]
493 3580 558 3644 Dat
568 3581 668 3644 looum
677 3580 740 3656 irre,
754 3583 807 3665 qui
817 3582 1024 3646 adversarium
1035 3581 1185 3666 permittit
1199 3583 1301 3650 faeere

304 3681 386 3764 quod
403 3680 480 3744 vult.
509 3715 549 3728 -
577 3678 737 3743 Carbones
758 3688 856 3768 ignat.
871 3680 882 3767 ]
898 3682 934 3745 Id
952 3690 1017 3758 est,
1035 3679 1184 3745 fervorem
1198 3683 1300 3750 ohari-

303 3780 393 3855 tatis,
410 3779 460 3843 vel
474 3778 607 3862 Spiritus
624 3780 721 3845 sanati
740 3804 746 3843 ε
766 3789 801 3846 ut
820 3789 874 3847 tuo
895 3782 1035 3866 exemplo
1049 3790 1248 3867 provocatus,
1266 3795 1298 3851 et

177 3960 180 3964 ,
304 3880 370 3963 ipse
379 3880 492 3943 bonum
505 3877 605 3945 faeiat.
