3184 5442
294 718 360 780 2¹3&
678 738 709 778 n.
737 737 910 780 unnrnanci

339 882 371 945 2.
399 881 529 943 Peccatr'
548 886 716 966 gravitas,
742 893 773 944 et
794 879 880 967 quod
899 879 1026 943 tanrlem
1053 882 1146 946 cedat
1172 891 1208 945 in
1233 886 1293 947 Der·

294 981 442 1069 gloriam.

339 1083 381 1146 D.
399 1082 458 1143 Est
467 1077 709 1163 gravepeccarel
720 1078 815 1143 -Μ,
824 1079 987 1144 Minimum
997 1089 1157 1164 peccatum
1164 1085 1293 1150 scienter

296 1181 502 1252 commissum,
517 1178 641 1263 gravius
648 1186 696 1242 est
707 1184 773 1242 toto
786 1181 912 1244 mundo.
925 1180 1082 1264 Quidquid
1089 1190 1197 1247 autem
1208 1186 1290 1259 mali,

297 1284 346 1347 vel
363 1280 477 1365 peooati
494 1279 612 1363 agitur,
627 1286 725 1343 totum
746 1280 777 1342 in
793 1280 914 1344 laudem
931 1281 991 1345 Dei
1008 1282 1158 1354 vertitur;
1178 1297 1210 1348 et
1227 1285 1293 1349 ideo

297 1377 329 1444 in
341 1378 422 1443 omni
433 1385 573 1441 creatura
587 1377 648 1440 Dei
663 1376 741 1440 nihil
755 1378 829 1441 mali
843 1400 911 1444 esse
923 1380 972 1443 vel
986 1381 1055 1442 fieri·
1067 1384 1291 1464 comprobatur.

220 1515 223 1520 ·
341 1482 383 1545 D.
410 1478 494 1557 Quid
504 1477 597 1541 dioisl
617 1477 813 1542 homicidium
827 1480 877 1542 vel
891 1480 1074 1544 adulterium
1089 1503 1148 1544 non
1164 1490 1214 1546 est
1223 1504 1294 1566 peo-

297 1579 419 1646 catuml
437 1616 481 1628 —
495 1578 543 1641 M.
560 1577 770 1640 Homicidium
786 1600 867 1662 saepe
879 1579 989 1643 dicitur
1000 1583 1112 1644 bonum
1122 1633 1129 1657 ,
1141 1589 1177 1646 ut
1190 1582 1294 1647 occisio

298 1682 396 1747 Golia
408 1678 546 1753 aDavid,
557 1686 588 1742 et
602 1678 810 1760 Holophernis
822 1701 841 1742 a
853 1681 875 1742 J
876 1679 962 1744 udith
973 1703 981 1754 ;
997 1682 1079 1763 quod
1093 1689 1168 1746 tunc
1183 1682 1295 1746 malum

299 1782 423 1856 dicitur,
438 1801 507 1844 oum
525 1779 645 1862 proprio
664 1778 797 1862 impulsu
816 1787 1021 1863 perpetratur.
1036 1781 1223 1868 Conjugium
1240 1783 1294 1847 bo-

298 1905 371 1947 num
386 1882 538 1955 creditum
555 1881 609 1943 sed
627 1880 695 1944 ideo
714 1880 828 1944 malum
845 1891 894 1947 est
908 1883 1106 1959 adulterium,
1120 1885 1193 1967 quia
1211 1884 1296 1948 aliter

299 1985 340 2048 sit
351 2005 442 2068 quam
458 1983 500 2046 sit
515 2002 703 2046 conoessum.
716 1981 793 2058 Quae
804 1993 908 2045 tamen
919 1982 950 2046 in
966 1983 1087 2046 laudem
1102 1983 1164 2047 Dei
1176 1991 1296 2049 vertun-

300 2095 364 2160 tur,
380 2105 448 2148 cum
466 2084 505 2145 ab
525 2103 560 2145 eo
574 2083 658 2167 juste
674 2080 848 2164 puniuntur.
861 2081 949 2147 Sicut
967 2083 1048 2146 enim
1066 2083 1234 2167 imperator
1250 2092 1295 2148 est

299 2183 471 2258 laudabilis,
487 2180 540 2264 qui
552 2181 664 2245 milites
678 2203 750 2244 suos
765 2192 958 2247 remunerat:
972 2184 1018 2246 ita
1027 2192 1076 2247 est
1086 2183 1181 2248 etiam
1193 2185 1295 2249 landa·

300 2285 378 2355 bilis,
393 2284 455 2345 imo
470 2280 660 2359 laudabilior,
673 2284 726 2363 qui
740 2283 898 2364 praedones
908 2289 941 2345 et
951 2282 1086 2347 latrones
1097 2285 1237 2348 damnat.
1249 2285 1296 2349 Ita

300 2384 405 2466 utique
417 2382 496 2445 sieut
506 2382 591 2444 Deus
605 2380 637 2441 in
649 2381 818 2445 salvatione
828 2384 978 2468 justorum
990 2383 1192 2468 glorificatur,
1209 2385 1254 2449 sio
1266 2385 1295 2448 in

299 2482 468 2568 perditione
480 2481 642 2563 impiorum
652 2502 707 2563 per
719 2482 823 2546 omnia
832 2483 984 2547 laudatur.

343 2584 384 2646 D.
395 2581 473 2646 Cum
483 2580 629 2663 scriptum
639 2581 694 2646 sit:
714 2613 726 2634 u
741 2583 828 2646 Nihil
839 2605 945 2648 eorum
959 2584 1061 2659 odisti,
1077 2607 1147 2669 quae
1160 2584 1291 2650 fecisti».

300 2685 451 2769 quomodo
465 2681 575 2746 dicitur
585 2682 671 2746 Deus
684 2703 788 2746 amare
800 2684 907 2760 bonOS,
921 2685 1018 2748 malos
1029 2684 1099 2748 odio
1113 2686 1242 2750 haberet
1254 2720 1296 2735 ·-

301 2787 347 2850 Μ.
370 2785 488 2850 Cuncta
513 2781 612 2868 diligit
634 2784 720 2848 Deus
737 2804 805 2866 quae
827 2785 958 2857 creavit3
977 2785 1031 2848 sed
1050 2807 1111 2848 non
1135 2793 1247 2856 cuncta
1266 2786 1296 2848 in

301 2908 361 2950 uno
381 2887 448 2950 loco
469 2883 593 2948 locavit.
618 2883 706 2948 Sicut
727 2883 826 2967 pictor
846 2905 952 2948 omnes
972 2885 1088 2948 colores
1110 2886 1222 2972 diligit,
1245 2887 1297 2950 sed

301 2987 451 3071 quosdam
461 3006 525 3069 prae
537 2984 603 3049 aliis
613 2984 708 3068 eligit,
723 2992 755 3049 et
764 3005 1012 3068 unumquemque
1024 2993 1098 3068 apto
1111 2986 1182 3051 loco
1194 2987 1294 3070 ponit:

300 3089 344 3153 ita
367 3089 453 3152 Deus
477 3106 724 3169 unumquemque
751 3084 809 3148 sibi
831 3085 1023 3150 convenienti
1048 3086 1115 3150 loco
1141 3087 1295 3172 disponit:

299 3189 367 3252 ideo
383 3187 493 3252 dieitur
512 3207 565 3249 eos
588 3185 729 3270 diligere,
754 3206 832 3268 quos
851 3185 882 3247 in
904 3185 1020 3250 coelesti
1035 3187 1153 3269 palatio
1172 3189 1296 3273 recipit;

298 3284 367 3348 illos
380 3284 492 3359 odisse,
508 3304 586 3366 quos
600 3283 631 3345 in
645 3281 784 3346 infernali
795 3303 916 3346 earcere
927 3283 1051 3369 mergit.
1340 3299 1342 3302 ⁴

344 3581 375 3644 3.
403 3581 561 3645 Delibero
577 3581 720 3662 arbitrio,
739 3596 769 3645 et
785 3590 1011 3646 retrocessione
1025 3581 1154 3647 abono.

342 3683 385 3745 D.
404 3683 486 3762 Quid
499 3691 547 3746 est
558 3682 686 3745 liberum
698 3682 873 3747 arbitriuml
892 3719 931 3731 -
948 3683 996 3746 M.
1009 3683 1152 3747 Libertas
1163 3685 1298 3770 eligendi

298 3782 410 3845 bonurn
424 3783 474 3848 vel
488 3782 615 3846 malum.
628 3783 700 3847 Hoc
714 3783 746 3846 in
761 3783 902 3866 paradiso
917 3782 1007 3846 homo
1023 3783 1129 3847 habuit
1142 3784 1276 3850 liberum
1288 3811 1295 3860 ;

297 3902 377 3946 nune
402 3905 476 3947 vero
501 3884 594 3947 habet
616 3884 772 3966 captivum
799 3908 805 3947 :
837 3883 910 3968 quia
929 3885 1042 3947 bonum
1058 3906 1120 3948 non
1135 3878 1216 3963 vult,
1239 3889 1299 3952 nisi

298 3983 397 4069 gratia
410 3984 470 4047 Dei
483 3982 702 4068 praeveniatur,
720 4005 776 4048 nec
789 3992 893 4067 potest
909 4005 1011 4068 agere,
1030 3984 1089 4048 nisi
1103 4006 1174 4050 eum
1188 3989 1297 4052 subse·

299 4089 419 4165 quatur.

343 4182 385 4244 D.
401 4181 483 4259 Quid
501 4181 577 4246 diois
592 4184 630 4245 de
645 4182 703 4259 his,
719 4182 771 4265 qui
791 4185 934 4249 saeculum
950 4184 1299 4271 relinquunt,religionis

301 4283 436 4345 habitum
451 4290 586 4358 sumunt,
608 4290 639 4346 et
655 4289 810 4373 transacto
827 4282 929 4366 aliquo
943 4293 1081 4369 tempore
1095 4285 1247 4371 rejiciunt,
1267 4295 1299 4350 et
