3184 5442
548 718 665 760 onossa
689 719 722 759 ru
746 718 795 759 aa.
821 719 863 758 ao
885 717 1031 760 conrurrr.
1243 703 1284 764 61

291 858 437 945 phetora.
451 854 576 940 ]Magis
590 855 708 918 debetis
718 862 864 938 appetere
875 856 1074 938 prophetare,
1086 878 1178 941 quam
1204 859 1288 942 loqui

296 956 422 1041 linguis;
440 975 514 1018 nam
534 954 616 1036 loqui
635 953 739 1039 lingua
758 954 913 1037 incognita
929 955 986 1019 sibi
1005 963 1037 1020 et
1056 957 1141 1030 aliis;
1159 965 1191 1021 et
1205 958 1289 1041 loqui

295 1059 398 1142 lingua
411 1054 536 1140 cognita
555 1053 612 1117 sibi
626 1061 767 1126 tantum
786 1053 911 1118 tertiam
929 1055 1062 1138 speciem
1079 1057 1161 1140 loqui
1178 1057 1289 1142 linguis

294 1165 330 1222 ut
342 1155 420 1220 alios
440 1154 601 1227 docerent,
614 1173 676 1215 non
700 1154 887 1236 appetebant
904 1153 984 1237 ipsi:
999 1154 1098 1238 primo
1111 1176 1203 1219 unam
1209 1164 1289 1241 ‘spe-

294 1257 373 1320 ciem
392 1253 477 1337 loqui
499 1252 603 1336 lingua
625 1251 781 1336 incognita
798 1250 857 1315 sibi
879 1258 911 1314 et
931 1252 1010 1316 aliis.
1030 1254 1156 1336 Duplex
1177 1256 1290 1321 bonurn

295 1355 394 1440 magis
408 1361 458 1417 est
470 1350 677 1435 appetendum
689 1401 697 1424 ,
713 1370 805 1432 quam
819 1350 972 1433 simplex:
993 1352 1177 1436 prophetare
1187 1363 1291 1421 autem

294 1452 409 1537 duplex
420 1453 534 1515 bonum
545 1456 609 1515 ost:
625 1449 709 1533 loqui
720 1470 794 1513 vero
805 1449 909 1534 lingua
918 1450 1074 1539 incognita
1082 1453 1140 1517 sibi
1154 1461 1186 1519 et
1200 1456 1287 1531 aliis,

295 1552 451 1637 simplex;
480 1551 562 1636 quod
587 1557 655 1624 est,
676 1549 730 1633 qui
754 1550 836 1613 enim
857 1551 990 1634 loquitur
1015 1552 1138 1638 lingua;
1160 1555 1291 1640 simplex

297 1653 412 1716 bonum
433 1657 497 1725 ast,
514 1648 587 1734 quia
605 1649 675 1714 Deo
698 1650 847 1732 loquitur:
871 1651 940 1716 Deo
964 1658 1103 1728 tantum,
1126 1675 1187 1717 non
1210 1656 1291 1720 enim

297 1749 488 1821 hominibus;
504 1747 658 1812 nonenim
669 1747 858 1832 intelligitur.
876 1750 937 1827 Qui
952 1771 1026 1814 vero
1041 1753 1223 1836 prophetat,
1237 1758 1291 1821 du·

298 1851 373 1935 plex
386 1851 499 1912 bonum
512 1846 585 1913 lacit
595 1871 602 1921 ;
614 1849 683 1912 Deo
698 1848 779 1911 enim
795 1848 940 1931 loquitur,
954 1857 986 1913 et
998 1850 1182 1916 hominibus.
1196 1853 1239 1919 Et
1252 1857 1291 1920 de

299 1949 362 2014 cia
379 1948 480 2032 spera
492 1999 499 2022 ,
513 1968 581 2030 quae
592 1947 723 2029 esaqur
744 1947 880 2030 loquitur
896 1947 1001 2032 nuga
1014 1999 1021 2021 ,
1033 1947 1093 2013 sibi
1106 1931 1225 2014 tandm
1242 1975 1292 2018 00-

299 2049 386 2135 gnita
396 2098 403 2124 ‚
415 2049 523 2112 eadem
534 2061 607 2111 sunt
619 2055 811 2132 argumenta.
837 2084 881 2096 -
904 2048 943 2110 In
959 2047 1183 2136 revelatione]
1197 2052 1293 2117 Reve-

298 2149 374 2213 latio
395 2156 444 2212 est
458 2200 464 2224 ,
479 2169 542 2231 qua
553 2147 771 2233 perspiritum
787 2156 942 2224 sanctum,
959 2149 990 2211 in
1002 2170 1194 2233 quocumque
1212 2158 1291 2216 tem-

299 2269 389 2332 pore,
414 2246 529 2331 aliquid
550 2246 651 2310 subito
673 2246 836 2311 indicatur.
861 2283 905 2294 -
927 2246 1292 2333 Insolentialscientia

298 2355 347 2412 ost
359 2346 493 2433 cognitio
505 2345 607 2410 studio
618 2352 651 2408 et
661 2345 812 2409 industria
825 2353 1012 2429 comparata.
1039 2383 1080 2395 -
1103 2348 1143 2410 In
1153 2350 1291 2436 prophe·

299 2446 378 2533 tia]
389 2445 557 2530 Prophetis
567 2445 607 2508 de
620 2442 730 2509 firturis
743 2451 874 2521 tantum,
890 2446 1027 2510 doctrina
1035 2468 1131 2533 genus
1142 2450 1288 2515 omnium.

300 2584 344 2596 -
370 2545 449 2608 Tam
465 2543 565 2607 multo
583 2554 617 2605 ut
627 2556 719 2629 puta.
732 2542 745 2629 ]
759 2543 856 2621 Quasi
875 2543 1007 2609 diceret:
1025 2546 1096 2610 Non
1111 2554 1159 2610 est
1176 2551 1290 2614 miran-

299 2649 393 2727 dum,
413 2646 440 2711 si
459 2665 515 2729 per
535 2644 672 2729 linguam
693 2645 783 2708 datur
798 2665 898 2708 sermo
916 2667 978 2708 non
997 2645 1196 2722 manifestus;
1220 2652 1292 2733 quia

299 2747 442 2812 videlicet
455 2745 551 2809 multa
560 2752 632 2808 sunt
645 2765 758 2829 genera
772 2793 780 2818 ,
796 2750 829 2808 et
840 2745 915 2808 nihil
926 2745 1046 2810 illorum
1055 2752 1122 2823 est,
1137 2748 1219 2830 quod
1231 2769 1292 2812 non

302 2847 414 2911 habeat
430 2845 585 2929 propriam
604 2851 637 2909 ct
650 2843 826 2907 distinctam
841 2845 989 2909 acaeteris
1002 2866 1120 2909 vocem.
1147 2882 1187 2895 -
1215 2846 1293 2911 Oret

303 2957 337 3008 ut
350 2942 652 3031 interpretetur.]1d
673 2950 738 3020 est,
753 2944 904 3028 intelligat
917 2945 1015 3027 ipsam
1034 2944 1185 3028 linguam,
1202 2952 1234 3008 et
1249 2945 1293 3008 sic

302 3051 447 3128 exponat.
459 3043 642 3125 Plerumque
651 3040 733 3105 enim
743 3040 878 3125 Spiritus
890 3042 1070 3125 loquebatur
1079 3062 1135 3123 per
1143 3062 1179 3103 os
1192 3041 1290 3104 homi-

302 3144 352 3208 nis
371 3150 517 3208 extranea
538 3142 656 3226 lingua,
674 3146 707 3204 et
726 3149 830 3206 tamen
844 3142 936 3204 homo
950 3161 1010 3204 uon
1023 3138 1212 3224 intelligebat
1225 3140 1294 3223 ipsa

302 3243 407 3328 lingua
425 3241 573 3327 mysteria
596 3241 727 3324 prolata.
752 3275 798 3290 -
824 3239 912 3325 Quid
920 3261 1006 3326 ergo.
1020 3237 1032 3325 ]
1046 3240 1124 3303 Esse
1138 3239 1245 3316 debet,
1266 3242 1293 3305 si

304 3345 394 3407 bene.
404 3343 440 3407 Si
452 3363 513 3407 vox
523 3341 650 3425 loquens
660 3340 816 3425 incognita
823 3341 928 3424 lingua
938 3337 1099 3404 benedicat
1111 3340 1212 3405 Deum
1224 3391 1231 3415 ,
1244 3341 1292 3404 vel

305 3439 406 3503 cibum
419 3489 427 3514 ‚
439 3438 490 3501 vel
509 3437 623 3520 aliquid
633 3436 821 3522 hujusmodi;
835 3436 955 3501 auditor
974 3435 1090 3511 idiota,
1109 3435 1141 3500 id
1152 3444 1200 3501 est
1214 3488 1221 3512 ‚
1235 3457 1292 3503 au-

306 3536 392 3602 diens
406 3542 438 3600 et
453 3557 515 3601 non
525 3535 714 3620 intelligens,
732 3534 831 3599 nescit
846 3535 966 3618 quando
986 3535 1097 3599 debeat
1114 3535 1295 3618 respondere

307 3657 411 3711 amen,
426 3643 480 3701 aut
492 3636 560 3700 Deo
569 3634 703 3720 gratias:
721 3654 776 3697 nec
787 3640 837 3698 est
847 3634 898 3717 qui
910 3634 1051 3718 suppleat
1063 3635 1162 3697 locum
1174 3655 1296 3718 respon-

307 3735 401 3800 sionis
409 3737 490 3822 ejus;
504 3735 537 3799 id
550 3742 613 3808 est,
634 3733 687 3817 qui
700 3733 768 3796 vioe
790 3732 870 3797 illius
885 3735 1085 3818 respondeat,
1100 3754 1168 3796 cum
1192 3755 1297 3798 omnes

307 3836 447 3920 ignorent
458 3835 553 3899 verba
567 3833 728 3917 loquentis.
755 3869 795 3880 -
819 3831 927 3895 Nolite
937 3840 1041 3918 pueri.
1054 3830 1112 3916 lld
1123 3838 1171 3895 est
1183 3883 1190 3907 ,
1202 3834 1295 3898 nolite

308 3933 435 4018 puerilia
446 3933 595 4014 desideria
607 3933 719 3997 habere
733 3957 740 4007 ;
755 3953 816 3995 non
828 3933 1053 3997 considerantes
1063 3931 1136 4015 quid
1154 3932 1295 3998 utilitatis

309 4032 563 4116 habeanteaqure
577 4032 768 4097 desideratis.
796 4068 836 4081 -
860 4033 899 4095 In
915 4030 983 4118 lege
995 4039 1090 4094 enim.
1104 4028 1116 4115 ]
1131 4031 1223 4114 Legis
1238 4053 1295 4094 no-

311 4133 408 4207 mine,
422 4132 612 4216 prophetiam
630 4131 781 4216 designat.
805 4133 864 4197 Est
886 4139 988 4196 autem
1013 4132 1068 4194 hoc
1090 4130 1295 4196 testimonium

311 4231 340 4293 iu
365 4230 463 4307 leuia,
480 4230 529 4294 his
557 4229 678 4295 verbis:
703 4229 741 4291 In
764 4229 886 4316 loquela
913 4238 996 4291 crzr'm
1021 4227 1113 4305 labii,
1133 4240 1162 4289 et
1187 4228 1296 4313 liogrra
