3184 5442
573 755 691 796 ocosse
714 755 747 796 m
770 756 820 797 nr.
846 757 887 798 nn
909 758 1019 800 onunr.
1249 741 1288 804 91

294 916 353 956 nes
364 893 440 984 :Ad
451 892 510 955 boc
524 893 688 976 respondet
701 894 783 976 quod
798 904 958 978 quereret,
980 897 1007 960 si
1027 900 1109 981 quod
1129 906 1293 965 testamen·

293 1002 363 1073 tum
386 1013 408 1057 s
423 995 493 1058 Deo
513 991 555 1056 sit
573 992 664 1056 alicui
686 995 915 1070 confirmatum,
939 995 1053 1072 dicens,
1076 998 1137 1063 boc
1158 1000 1292 1064 Abrahae

293 1091 411 1158 fuctum
426 1112 506 1166 esse,
523 1100 556 1155 et
569 1090 676 1154 semini
692 1094 774 1178 ejus,
791 1093 844 1176 qui
863 1101 912 1157 est
924 1094 1076 1160 Christus.
1101 1132 1146 1146 -
1166 1099 1294 1162 Pollici-

295 1201 447 1256 tattonem
466 1190 687 1277 spiritus.]1d
711 1199 776 1267 est,
794 1193 1025 1276 promissionem
1039 1197 1179 1281 spiritus,
1199 1219 1293 1282 quem

295 1313 331 1356 se
354 1292 500 1356 daturum
526 1290 667 1373 promisit
703 1292 904 1356 credentibus.
936 1294 996 1358 Vel
1026 1296 1290 1381 justificationem,

296 1410 391 1475 quum
399 1391 536 1475 Spiritus
547 1397 670 1454 sanctus
680 1391 874 1455 credentibus
884 1393 1036 1476 pollicitus
1047 1403 1106 1469 est,
1118 1397 1293 1461 dioens:In
1365 1465 1368 1473 ,

294 1499 494 1569 semirutae,
510 1501 569 1552 etc.
592 1524 637 1537 ·-
664 1484 894 1562 Confirmatum
910 1495 1165 1582 testamentum]
1184 1495 1294 1561 Testa-

295 1597 446 1666 mentum,
474 1588 586 1672 inquit,
615 1589 746 1652 bominis
773 1590 812 1653 de
837 1593 929 1654 rebus
954 1593 1018 1656 suis
1039 1615 1129 1658 nemo
1150 1595 1288 1678 spernit;

294 1690 392 1754 multo
415 1689 510 1772 igitur
531 1689 631 1752 minus
651 1696 871 1753 testamentum
895 1691 973 1767 Dei,
999 1712 1054 1775 per
1075 1696 1157 1778 quod
1186 1715 1293 1759 omnes

294 1796 405 1877 gentes
425 1788 457 1851 in
475 1787 591 1851 semine
604 1788 740 1852 Abrahae
764 1790 986 1854 benedicendas
1000 1811 1067 1854 esse
1085 1799 1217 1857 testatus
1231 1803 1289 1868 est,

293 1889 500 1972 spernendum
509 1896 567 1953 est.
595 1924 636 1937 —
659 1888 735 1953 Non
745 1889 824 1952 dicit
835 1902 867 1952 et
878 1889 1059 1953 seminibus.
1078 1890 1090 1978 ]
1106 1891 1140 1954 In
1162 1893 1293 1975 promit-

295 1989 390 2053 tendo
401 2008 463 2050 non
476 1987 560 2061 dicit.
571 1988 658 2052 Deus
666 1989 697 2050 in
712 1989 878 2053 seminibus
892 1989 954 2052 tuis
964 1990 1180 2054 benedicentur
1190 2011 1296 2053 omnes

294 2093 417 2173 gentes,
437 2087 492 2151 sed
516 2087 547 2149 in
568 2087 682 2150 semine
708 2095 772 2150 tuo.
802 2123 842 2136 —
867 2088 937 2149 Hoc
951 2101 1055 2150 autem
1073 2089 1155 2152 dico.
1168 2087 1179 2175 ]
1193 2090 1290 2158 Ordo.

294 2187 374 2253 Dico
387 2194 505 2263 sutem,
519 2187 569 2250 lex
581 2207 649 2270 quae
669 2194 741 2271 post
753 2187 992 2272 quadringentos
1010 2196 1042 2252 et
1057 2189 1183 2273 triginta
1197 2210 1295 2253 annos

295 2286 450 2362 factnest,
466 2307 527 2349 non
539 2285 613 2351 facit
632 2287 751 2350 irritum
772 2287 830 2351 hoo
841 2294 1069 2352 testamentum.
1084 2289 1120 2352 Si
1140 2289 1221 2351 enim
1238 2289 1295 2352 soli

298 2386 499 2450 observantes
512 2386 689 2449 Judaeorum
712 2385 811 2469 legem
832 2385 864 2448 in
889 2385 1005 2449 semine
1018 2387 1151 2450 Abrahae
1168 2389 1294 2451 benedi-

296 2492 457 2557 cerarium
471 2504 511 2546 ex
521 2483 653 2566 quadarn
665 2490 754 2567 parte
765 2483 884 2547 irritum
903 2482 1018 2548 factum
1029 2492 1112 2550 esset
1132 2492 1297 2551 testamen-

294 2591 363 2647 tum
374 2583 448 2663 Dei,
460 2591 494 2646 et
508 2591 656 2646 evacuata
667 2583 828 2666 promissio
843 2585 919 2669 ejus,
938 2605 1000 2669 qua
1019 2604 1124 2651 omnes
1139 2594 1247 2670 gentes
1262 2587 1295 2649 in

295 2683 414 2748 semine
433 2681 568 2748 Abrehae
581 2682 805 2746 benedicendas
821 2703 888 2747 esse
913 2683 1063 2766 promisit.
1091 2720 1131 2733 -
1155 2685 1240 2747 Nam
1263 2695 1294 2747 si

295 2805 339 2846 ex
354 2782 425 2868 Iege
442 2780 625 2845 hereditas.
640 2779 653 2868 ]
667 2781 846 2845 Benedictio
871 2783 921 2846 vel
943 2782 1104 2846 baeredites
1124 2804 1179 2866 per
1202 2784 1294 2847 tidem

293 2889 416 2945 tuntum
426 2880 572 2964 accipitur
583 2902 591 2953 ;
604 2901 665 2944 non
679 2881 761 2945 enim
774 2901 829 2964 per
844 2882 954 2966 legem,
971 2882 1043 2965 quia
1056 2883 1109 2946 lex
1124 2889 1295 2947 testamen-

298 2990 367 3045 tum
388 2980 460 3045 fidei
473 3002 494 3044 e
506 2981 575 3046 Deo
592 2981 633 3044 ad
648 2981 807 3045 Abraham
826 2982 911 3065 prius
926 2984 1138 3046 confirmatum
1156 3002 1217 3042 non
1238 2981 1294 3042 de-

295 3080 399 3154 struit,
418 3100 491 3166 ergo
509 3079 537 3144 si
557 3079 609 3144 lex
621 3101 682 3143 non
696 3081 827 3145 destruit
839 3087 1058 3144 testamentum
1081 3078 1151 3142 fidei
1169 3100 1229 3141 non
1240 3078 1295 3143 dat

296 3179 552 3256 benedictionem,
566 3179 615 3244 vel
626 3179 846 3244 haereditutem.
866 3180 928 3243 Sed
943 3201 1005 3242 non
1023 3177 1153 3242 destnrit
1167 3176 1299 3239 hominis

298 3286 519 3343 testamentum
541 3280 774 3354 confirmatum,
800 3279 883 3343 aliud
906 3280 1126 3342 testamentum
1145 3275 1299 3359 posterius
1413 3323 1416 3327 .

296 3376 433 3457 fectum,
457 3377 580 3443 eumili
595 3400 603 3441 ι
618 3377 675 3442 boo
693 3377 792 3441 simile
806 3377 1001 3461 proemittitur
1014 3374 1212 3463 propositioni
1229 3395 1298 3458 pro·

293 3478 420 3552 bendae,
438 3478 521 3561 quod
540 3479 592 3541 lex
609 3497 671 3540 non
688 3478 818 3542 destmit
836 3483 1072 3549 testamentum,
1088 3475 1171 3559 quod
1189 3475 1234 3538 ito
1249 3483 1298 3539 est

293 3576 328 3641 in
349 3577 426 3641 libro
441 3578 531 3642 :Hoc
556 3590 663 3640 autem
689 3575 761 3639 dico
786 3590 1006 3640 testamentum
1032 3575 1252 3659 confirmatum
1276 3598 1298 3636 a

296 3675 378 3756 Deo,
397 3689 460 3740 eto.
483 3710 529 3726 -
552 3678 626 3739 Iam
651 3699 715 3739 non
739 3700 781 3739 ex
798 3685 1023 3764 promissione.
1038 3674 1050 3760 ]
1068 3675 1105 3738 Id
1126 3681 1190 3747 est,
1215 3673 1241 3736 si
1264 3673 1297 3736 hi

293 3774 353 3839 soli
370 3774 424 3859 qui
446 3775 546 3860 legem
566 3776 742 3839 Judaeorum
765 3777 945 3850 observant,
969 3774 1105 3836 hoeredes
1124 3778 1212 3845 sunt;
1231 3772 1299 3856 jam

293 3894 358 3937 non
378 3875 472 3938 detur
484 3874 647 3939 haeredites
658 3875 823 3937 secundum
843 3872 1074 3958 promissionem
1086 3870 1157 3944 Dei,
1177 3890 1244 3954 quae
1259 3871 1301 3932 de

295 3974 438 4039 omnibus
452 3974 536 4040 dicit.
560 4010 602 4023 -
625 3973 735 4036 Donec
747 3982 874 4036 veniret
884 3995 989 4035 semen
1001 3978 1063 4032 cui.
1079 3968 1091 4054 ]
1105 3971 1192 4034 Deus
1204 3971 1300 4033 Pater

293 4072 507 4139 hereditatem
532 4073 628 4138 totius
654 4074 758 4136 mundi
784 4073 966 4157 promiserat
991 4070 1131 4144 Christo,
1157 4069 1236 4133 sicut
1265 4069 1301 4131 in

293 4173 421 4238 Psalmo
435 4197 442 4237 :
455 4173 586 4237 Postula
601 4193 691 4248 ame,
709 4170 831 4235 etdoho
846 4170 903 4235 tibi
911 4184 1036 4257 gentes,
1058 4181 1118 4231 etc.
1146 4204 1185 4216 -
1212 4167 1298 4229 Dens

295 4285 401 4336 autem
423 4296 504 4336 rmus
525 4287 583 4337 est.
604 4268 712 4357 lQuio
732 4272 887 4335 Christum
907 4270 987 4334 dixit
1005 4269 1066 4334 Dei
1094 4267 1238 4330 videlicet
1266 4273 1298 4327 ct
