3184 5442
381 700 467 743 innan
490 701 528 742 na
552 701 687 742 cosroen
710 700 748 743 ar
771 701 862 742 snus.
891 702 1009 742 nomon.
1130 686 1192 750 193

244 841 299 906 21.
326 843 386 906 Est
405 843 488 906 aliud
506 845 588 926 quod
611 845 758 931 objicitis
778 845 861 928 quod
881 864 1025 909 concessa
1051 847 1194 931 loquendi
1235 849 1238 860 '

198 942 345 1006 facultate
359 942 463 1006 multis
473 943 505 1004 in
515 943 590 1007 locis
604 944 754 1019 clamatis,
767 953 799 1008 et
812 943 914 1008 dicitis
928 944 981 1007 :Si
996 945 1084 1027 panis
1094 945 1126 1009 in
1138 968 1193 1011 ve-

198 1062 266 1104 ram
286 1040 401 1105 Christi
422 1061 545 1105 carnem
567 1042 768 1118 convertitur,
789 1051 844 1106 aut
863 1043 951 1125 panis
970 1045 1142 1111 sustollitur
1162 1046 1194 1109 in

199 1140 328 1214 coelum,
345 1147 381 1204 ut
403 1140 463 1204 illic
483 1140 514 1203 in
536 1140 650 1205 Christi
668 1162 790 1205 carnem
810 1141 1027 1217 transferatur,
1049 1153 1104 1208 aut
1124 1166 1194 1210 caro

199 1238 316 1305 Christi
331 1241 371 1304 ad
385 1249 498 1307 terram
510 1239 656 1317 defertur,
671 1250 706 1305 ut
716 1241 785 1306 istic
800 1241 909 1305 ineam
922 1241 1011 1325 panis
1023 1252 1196 1309 commute-

198 1349 260 1406 tur.
279 1340 378 1425 Atqui
389 1360 445 1404 nec
456 1340 545 1424 panis
556 1341 737 1417 sustollitur,
750 1362 807 1408 nec
820 1362 890 1406 caro
905 1341 1049 1406 defertur.
1062 1344 1134 1420 Non
1147 1355 1195 1412 est

198 1440 294 1526 igitur
306 1460 381 1504 vera
396 1460 466 1504 caro
480 1439 512 1502 in
528 1461 622 1523 quam
638 1441 726 1523 panis
739 1442 933 1506 convertitur.
951 1443 1022 1506 Hoc
1037 1465 1094 1509 vos
1108 1445 1193 1509 colli·

198 1540 272 1625 gitis
284 1541 449 1605 secundum
467 1539 632 1603 humanam
646 1541 847 1624 sapientiam,
862 1562 923 1605 non
938 1544 1103 1608 secundum
1115 1545 1194 1609 divi-

198 1658 282 1702 nam.
295 1638 443 1701 Humana
454 1644 557 1701 autem
573 1636 723 1720 sapientia
733 1637 868 1722 perquiri
878 1638 982 1701 divina
993 1643 1086 1722 opera
1096 1642 1195 1724 prohi-

198 1738 252 1802 het
266 1737 436 1820 Apostolus
450 1736 490 1800 ad
511 1737 685 1811 Romanoa,
710 1736 814 1800 dicens
837 1759 842 1797 ε
871 1768 883 1788 ι
902 1737 974 1800 Non
996 1738 1064 1820 plus
1087 1761 1195 1823 sapere

198 1857 293 1920 quam
308 1844 429 1920 oportet
443 1857 566 1919 sapere,
584 1837 638 1900 sed
657 1856 766 1919 sapere
781 1836 821 1898 ad
841 1835 1047 1900 sobrietatem.
1066 1871 1079 1892 ι
1098 1842 1140 1904 Et
1154 1844 1195 1905 ad

197 1934 395 2000 Corinthios:
413 1965 427 1988 ι
445 1934 554 1998 Sermo
570 1955 673 2010 meus,
689 1941 721 1998 et
734 1933 910 2017 predicatio
925 1956 995 1999 mea
1006 1957 1066 1999 non
1080 1938 1109 2000 in
1122 1960 1193 2022 per-

198 2033 391 2097 suasibilibus
410 2032 551 2096 humanae
575 2031 733 2115 sapientiae
752 2032 872 2106 verbis,
894 2034 948 2096 sed
969 2033 1000 2095 in
1020 2037 1195 2102 ostensione

197 2132 335 2217 spiritus,
347 2139 380 2197 et
390 2131 514 2213 virtutis¹
532 2154 538 2193 :
555 2138 591 2195 ut
602 2132 678 2194 fides
692 2139 797 2195 vestra
807 2153 868 2197 non
880 2132 920 2196 sit
934 2133 966 2195 in
979 2133 1130 2217 sapientia
1140 2137 1196 2200 ho-

197 2232 331 2307 minum,
349 2231 450 2296 sedin
462 2231 577 2295 virtute
594 2231 666 2295 Dei.
685 2261 698 2284 ιι
714 2231 757 2295 Et
769 2231 810 2294 ad
824 2230 981 2295 Colossen.
1003 2265 1015 2286 ι
1035 2235 1145 2299 Videte
1156 2258 1195 2299 ne
1251 2233 1255 2240 ’

197 2331 268 2416 quis
283 2353 340 2395 vos
354 2331 488 2415 decipiat
499 2352 553 2415 per
564 2331 786 2415 philosophiam
799 2338 831 2395 et
844 2332 967 2397 inanem
980 2333 1130 2398 fallaciam
1142 2356 1192 2398 se·

197 2434 328 2498 cundum
335 2431 529 2496 traditionem
537 2430 705 2508 hominurn,
716 2432 881 2495 secundum
888 2433 1040 2499 elementa
1046 2436 1162 2499 mundi.
1176 2469 1189 2490 ιι

196 2534 239 2596 Et
255 2534 362 2597 heatus
373 2531 540 2616 Gregorius
553 2531 585 2594 in
599 2531 724 2595 homilia
734 2532 897 2597 Paschali:
921 2563 933 2585 ι
951 2535 1126 2610 Sciendum,
1145 2534 1192 2598 in-

198 2633 274 2717 quit,
292 2632 380 2697 nobis
396 2640 454 2707 est,
470 2633 553 2715 quod
566 2631 669 2695 divina
679 2633 818 2716 operatio
830 2634 857 2697 si
865 2634 981 2698 ratione
998 2635 1193 2718 comprehen-

198 2733 296 2808 ditur,
311 2754 373 2796 non
392 2739 441 2796 est
462 2731 660 2796 admirahihs.
677 2732 710 2796 N
711 2753 746 2797 ec
763 2733 839 2796 fides
857 2733 949 2821 hahet
964 2733 1125 2809 meritum,
1144 2736 1191 2798 cui

198 2833 333 2898 humana
346 2831 425 2897 ratio
439 2832 555 2914 praehet
570 2831 824 2914 experimentum.
846 2864 858 2886 ι
877 2832 1045 2915 Propterea
1060 2832 1091 2894 in
1106 2841 1193 2896 tanta

198 2953 299 2998 rerum
311 2931 518 3018 profunditate
535 2932 635 3018 magis
650 2931 785 3015 oportuit
804 2940 836 2995 te
855 2952 941 2994 orare
957 2931 1073 3005 Deum,
1089 2938 1123 2994 ut
1138 2942 1192 2995 aut

196 3033 381 3119 intelligeres
389 3053 457 3117 quas
466 3053 522 3116 pro
531 3033 663 3096 humana
672 3032 842 3115 capacitate
851 3029 977 3115 intelligi
988 3038 1124 3114 possunt,
1138 3041 1192 3094 aut

197 3133 364 3217 patienter,
385 3140 417 3198 et
435 3132 590 3197 humiliter
610 3131 724 3211 ferres,
744 3138 898 3196 ettamen
919 3132 1058 3194 crederes
1076 3150 1144 3213 quae
1160 3131 1190 3193 in

197 3242 284 3299 tanto
298 3254 410 3298 arcano
421 3233 545 3301 humani
560 3232 672 3319 ingenii
688 3232 769 3296 vires
784 3232 946 3305 excedunt,
967 3238 998 3295 et
1009 3230 1040 3293 in
1055 3231 1112 3294 hac
1126 3231 1191 3294 vita

168 3334 173 3341 '
197 3332 325 3417 intelligi
336 3332 614 3416 minimapossunt;
627 3353 720 3416 quam
731 3330 817 3395 litem
829 3350 962 3406 movere,
980 3331 1018 3394 ab
1029 3330 1191 3396 universali

197 3433 336 3498 Ecclesia
350 3432 528 3509 dissentire,
545 3454 659 3496 novum
672 3432 805 3497 schisma
818 3431 920 3495 verbis
934 3439 967 3495 et
981 3431 1102 3515 scriptis
1116 3453 1189 3496 con·

197 3543 247 3598 tra
257 3546 430 3598 sanctorum
441 3532 570 3598 Petrum
582 3541 735 3616 praeceptu
744 3530 864 3596 inferre.
877 3529 1019 3596 Profecto
1030 3532 1088 3597 hoc
1100 3535 1190 3598 modo

197 3653 305 3717 ageres
319 3635 400 3718 quod
418 3633 468 3718 agi
485 3641 626 3716 oportere
640 3632 779 3717 praecipit
792 3632 948 3718 legislator
964 3632 1069 3697 dicens
1085 3656 1091 3696 :
1110 3664 1124 3686 ι
1140 3633 1191 3696 Ne

196 3733 428 3818 transgrediaris
438 3733 584 3801 terminos
593 3741 726 3816 patrum.
744 3765 756 3786 ι
770 3735 814 3796 Et
824 3734 933 3797 beatus
943 3732 1147 3816 Augustinus,
1159 3731 1191 3794 in

195 3833 295 3916 primo
312 3833 388 3898 libro
396 3835 437 3898 'de
447 3833 596 3898 Sermone
612 3831 738 3897 Domini
757 3831 788 3894 in
808 3840 912 3896 monte
931 3855 938 3894 :
958 3861 970 3883 ι
990 3831 1081 3908 Quod
1099 3853 1187 3905 vero,

195 3933 311 4016 inquit,
329 3940 384 3997 aut
404 3935 564 3997 obscurum
584 3941 638 3997 aut
658 3933 822 3997 absurdum
842 3931 887 3995 illi
907 3940 1018 4006 sonut;
1041 3954 1102 3996 non
1121 3932 1190 3996 inde

195 4034 327 4098 concitet
337 4034 610 4098 contradictionum
619 4033 796 4108 certamina,
812 4032 866 4096 sed
878 4039 944 4095 oret
950 4039 986 4095 ut
994 4032 1155 4117 intelhgat.
1173 4064 1185 4085 ι

195 4134 278 4197 Etin
289 4133 366 4198 libro
377 4136 468 4199 tertio
479 4135 517 4196 de
529 4133 679 4197 Trinitate
695 4157 700 4194 :
722 4164 734 4185 ι
750 4132 830 4197 Mihi
845 4143 960 4206 autem,
975 4131 1031 4207 ait,
1044 4132 1119 4195 utile
1129 4140 1186 4201 est,

195 4242 231 4297 ut
242 4233 431 4298 meminerim
440 4233 549 4297 virium
563 4254 710 4307 mearum,
726 4232 896 4314 fratresque
911 4253 995 4294 meos
1010 4232 1190 4294 admoneam

1054 4336 1083 4381 ia
