<?xml version="1.0" encoding="UTF-8"?>
<!DOCTYPE html PUBLIC "-//W3C//DTD XHTML 1.0 Transitional//EN"
    "http://www.w3.org/TR/xhtml1/DTD/xhtml1-transitional.dtd">
<html xmlns="http://www.w3.org/1999/xhtml" xml:lang="en" lang="en">
 <head>
  <title>
</title>
<meta http-equiv="Content-Type" content="text/html;charset=utf-8" />
  <meta name='ocr-system' content='tesseract 3.04.00' />
  <meta name='ocr-capabilities' content='ocr_page ocr_carea ocr_par ocr_line ocrx_word'/>
</head>
<body>
  <div class='ocr_page' id='page_1' title='image "./operaquaesupers00lanfgoog_0214.png"; bbox 0 0 3184 5442; ppageno 0'>
   <div class='ocr_carea' id='block_1_1' title="bbox 298 748 908 812">
    <p class='ocr_par' dir='ltr' id='par_1_1' title="bbox 298 748 908 812">
     <span class='ocr_line' id='line_1_1' title="bbox 298 748 908 812; baseline -0.005 -1"><span class='ocrx_word' id='word_1_1' title='bbox 298 748 364 812; x_wconf 74' lang='lat'>218</span> <span class='ocrx_word' id='word_1_2' title='bbox 675 768 703 808; x_wconf 90' lang='lat' dir='ltr'>u.</span> <span class='ocrx_word' id='word_1_3' title='bbox 733 767 908 810; x_wconf 77' lang='lat' dir='ltr'>annraancr</span> 
     </span>
    </p>
   </div>
   <div class='ocr_carea' id='block_1_2' title="bbox 297 907 1295 1394">
    <p class='ocr_par' dir='ltr' id='par_1_2' title="bbox 297 907 1295 1276">
     <span class='ocr_line' id='line_1_2' title="bbox 299 907 1294 999; baseline -0.002 -24"><span class='ocrx_word' id='word_1_4' title='bbox 299 912 473 997; x_wconf 80' lang='lat' dir='ltr'>profugerat</span> <span class='ocrx_word' id='word_1_5' title='bbox 484 920 648 999; x_wconf 89' lang='lat' dir='ltr'>tyrannum</span> <span class='ocrx_word' id='word_1_6' title='bbox 658 936 665 986; x_wconf 90' lang='lat'>;</span> <span class='ocrx_word' id='word_1_7' title='bbox 675 912 755 976; x_wconf 91' lang='lat' dir='ltr'>filius</span> <span class='ocrx_word' id='word_1_8' title='bbox 768 912 865 997; x_wconf 88' lang='lat' dir='ltr'>Regis</span> <span class='ocrx_word' id='word_1_9' title='bbox 874 913 984 975; x_wconf 85' lang='lat' dir='ltr'>missus</span> <span class='ocrx_word' id='word_1_10' title='bbox 1001 918 1049 975; x_wconf 88' lang='lat' dir='ltr'>est</span> <span class='ocrx_word' id='word_1_11' title='bbox 1064 911 1102 973; x_wconf 94' lang='lat' dir='ltr'>de</span> <span class='ocrx_word' id='word_1_12' title='bbox 1112 907 1233 994; x_wconf 78' lang='lat' dir='ltr'>&#39;palatio</span> <span class='ocrx_word' id='word_1_13' title='bbox 1263 912 1294 973; x_wconf 92' lang='lat' dir='ltr'>in</span> 
     </span>
     <span class='ocr_line' id='line_1_3' title="bbox 298 1010 1295 1096; baseline -0.002 -20"><span class='ocrx_word' id='word_1_14' title='bbox 298 1033 449 1076; x_wconf 80' lang='lat' dir='ltr'><strong>carcerem</strong></span> <span class='ocrx_word' id='word_1_15' title='bbox 461 1021 532 1095; x_wconf 91' lang='lat' dir='ltr'>post</span> <span class='ocrx_word' id='word_1_16' title='bbox 543 1013 664 1076; x_wconf 85' lang='lat' dir='ltr'>exulem</span> <span class='ocrx_word' id='word_1_17' title='bbox 676 1027 798 1076; x_wconf 87' lang='lat' dir='ltr'>servum</span> <span class='ocrx_word' id='word_1_18' title='bbox 814 1010 867 1095; x_wconf 89' lang='lat' dir='ltr'>qui</span> <span class='ocrx_word' id='word_1_19' title='bbox 880 1017 1045 1096; x_wconf 88' lang='lat' dir='ltr'>tyrannum</span> <span class='ocrx_word' id='word_1_20' title='bbox 1054 1017 1225 1086; x_wconf 83' lang='lat' dir='ltr'>contereret</span> <span class='ocrx_word' id='word_1_21' title='bbox 1239 1057 1249 1088; x_wconf 92' lang='lat'>‚</span> <span class='ocrx_word' id='word_1_22' title='bbox 1263 1018 1295 1074; x_wconf 86' lang='lat' dir='ltr'>et</span> 
     </span>
     <span class='ocr_line' id='line_1_4' title="bbox 297 1108 1294 1197; baseline 0.001 -24"><span class='ocrx_word' id='word_1_23' title='bbox 297 1110 457 1197; x_wconf 86' lang='lat' dir='ltr'>fugitivum</span> <span class='ocrx_word' id='word_1_24' title='bbox 475 1133 596 1176; x_wconf 87' lang='lat' dir='ltr'>servum</span> <span class='ocrx_word' id='word_1_25' title='bbox 611 1133 679 1177; x_wconf 88' lang='lat' dir='ltr'>cum</span> <span class='ocrx_word' id='word_1_26' title='bbox 702 1113 791 1175; x_wconf 90' lang='lat' dir='ltr'>rebus</span> <span class='ocrx_word' id='word_1_27' title='bbox 810 1111 925 1175; x_wconf 89' lang='lat' dir='ltr'>domini</span> <span class='ocrx_word' id='word_1_28' title='bbox 937 1111 984 1174; x_wconf 90' lang='lat' dir='ltr'>sui</span> <span class='ocrx_word' id='word_1_29' title='bbox 1006 1110 1037 1172; x_wconf 92' lang='lat' dir='ltr'>iu</span> <span class='ocrx_word' id='word_1_30' title='bbox 1052 1108 1184 1193; x_wconf 81' lang='lat' dir='ltr'>gratiam</span> <span class='ocrx_word' id='word_1_31' title='bbox 1198 1110 1294 1195; x_wconf 82' lang='lat' dir='ltr'>Regis</span> 
     </span>
     <span class='ocr_line' id='line_1_5' title="bbox 298 1206 1153 1276; baseline 0.001 -3"><span class='ocrx_word' id='word_1_32' title='bbox 298 1212 465 1276; x_wconf 86' lang='lat' dir='ltr'>reduceret.</span> <span class='ocrx_word' id='word_1_33' title='bbox 796 1247 799 1250; x_wconf 92' lang='lat'>·</span> <span class='ocrx_word' id='word_1_34' title='bbox 901 1219 907 1228; x_wconf 92' lang='lat'><em>&#39;</em></span> <span class='ocrx_word' id='word_1_35' title='bbox 1149 1206 1153 1212; x_wconf 65' lang='grc'><strong>“</strong></span> 
     </span>
    </p>

    <p class='ocr_par' dir='ltr' id='par_1_3' title="bbox 340 1307 1292 1394">
     <span class='ocr_line' id='line_1_6' title="bbox 340 1307 1292 1394; baseline -0.004 -19"><span class='ocrx_word' id='word_1_36' title='bbox 340 1312 383 1375; x_wconf 88' lang='grc' dir='ltr'>Ι).</span> <span class='ocrx_word' id='word_1_37' title='bbox 409 1311 512 1388; x_wconf 79' lang='lat' dir='ltr'>Quare</span> <span class='ocrx_word' id='word_1_38' title='bbox 530 1311 619 1373; x_wconf 91' lang='lat' dir='ltr'>homo</span> <span class='ocrx_word' id='word_1_39' title='bbox 633 1309 731 1373; x_wconf 91' lang='lat' dir='ltr'>redire</span> <span class='ocrx_word' id='word_1_40' title='bbox 740 1311 842 1392; x_wconf 91' lang='lat' dir='ltr'>potuit</span> <span class='ocrx_word' id='word_1_41' title='bbox 856 1314 927 1394; x_wconf 93' lang='lat' dir='ltr'>post</span> <span class='ocrx_word' id='word_1_42' title='bbox 939 1307 1081 1391; x_wconf 80' lang='lat' dir='ltr'>lapsuml</span> <span class='ocrx_word' id='word_1_43' title='bbox 1094 1344 1138 1355; x_wconf 95' lang='lat'><em>-</em></span> <span class='ocrx_word' id='word_1_44' title='bbox 1148 1308 1196 1372; x_wconf 86' lang='lat' dir='ltr'>M.</span> <span class='ocrx_word' id='word_1_45' title='bbox 1211 1307 1292 1384; x_wconf 78' lang='lat' dir='ltr'>Quia</span> 
     </span>
    </p>
   </div>
   <div class='ocr_carea' id='block_1_3' title="bbox 295 1402 1292 1691">
    <p class='ocr_par' dir='ltr' id='par_1_4' title="bbox 295 1402 1292 1691">
     <span class='ocr_line' id='line_1_7' title="bbox 297 1402 1292 1489; baseline -0.002 -21"><span class='ocrx_word' id='word_1_46' title='bbox 297 1405 374 1469; x_wconf 88' lang='lat' dir='ltr'>sicut</span> <span class='ocrx_word' id='word_1_47' title='bbox 396 1426 457 1470; x_wconf 89' lang='lat' dir='ltr'>non</span> <span class='ocrx_word' id='word_1_48' title='bbox 481 1426 611 1489; x_wconf 90' lang='lat' dir='ltr'>perse,</span> <span class='ocrx_word' id='word_1_49' title='bbox 636 1407 690 1469; x_wconf 88' lang='lat' dir='ltr'>sed</span> <span class='ocrx_word' id='word_1_50' title='bbox 715 1426 769 1489; x_wconf 90' lang='lat' dir='ltr'>per</span> <span class='ocrx_word' id='word_1_51' title='bbox 795 1405 888 1469; x_wconf 86' lang='lat' dir='ltr'>alium</span> <span class='ocrx_word' id='word_1_52' title='bbox 914 1404 1062 1486; x_wconf 90' lang='lat' dir='ltr'>impulsus</span> <span class='ocrx_word' id='word_1_53' title='bbox 1085 1402 1217 1468; x_wconf 87' lang='lat' dir='ltr'>cecidit:</span> <span class='ocrx_word' id='word_1_54' title='bbox 1249 1403 1292 1466; x_wconf 90' lang='lat' dir='ltr'>ita</span> 
     </span>
     <span class='ocr_line' id='line_1_8' title="bbox 297 1502 1290 1589; baseline -0.003 -21"><span class='ocrx_word' id='word_1_55' title='bbox 297 1505 421 1589; x_wconf 86' lang='lat' dir='ltr'>dignum</span> <span class='ocrx_word' id='word_1_56' title='bbox 431 1512 497 1573; x_wconf 88' lang='lat' dir='ltr'>erat</span> <span class='ocrx_word' id='word_1_57' title='bbox 510 1555 516 1580; x_wconf 90' lang='lat'>,</span> <span class='ocrx_word' id='word_1_58' title='bbox 529 1526 599 1569; x_wconf 88' lang='lat' dir='ltr'>oum</span> <span class='ocrx_word' id='word_1_59' title='bbox 607 1525 662 1588; x_wconf 90' lang='lat' dir='ltr'>per</span> <span class='ocrx_word' id='word_1_60' title='bbox 673 1526 706 1568; x_wconf 92' lang='lat' dir='ltr'>se</span> <span class='ocrx_word' id='word_1_61' title='bbox 717 1525 777 1567; x_wconf 90' lang='lat' dir='ltr'>non</span> <span class='ocrx_word' id='word_1_62' title='bbox 787 1510 903 1587; x_wconf 87' lang='lat' dir='ltr'>posset,</span> <span class='ocrx_word' id='word_1_63' title='bbox 919 1512 950 1568; x_wconf 91' lang='lat' dir='ltr'>et</span> <span class='ocrx_word' id='word_1_64' title='bbox 961 1503 1056 1567; x_wconf 82' lang='lat' dir='ltr'>vellet</span> <span class='ocrx_word' id='word_1_65' title='bbox 1067 1554 1074 1572; x_wconf 84' lang='grc'>,</span> <span class='ocrx_word' id='word_1_66' title='bbox 1087 1511 1123 1567; x_wconf 93' lang='lat' dir='ltr'>ut</span> <span class='ocrx_word' id='word_1_67' title='bbox 1131 1523 1187 1586; x_wconf 93' lang='lat' dir='ltr'>per</span> <span class='ocrx_word' id='word_1_68' title='bbox 1200 1502 1290 1566; x_wconf 90' lang='lat' dir='ltr'>alium</span> 
     </span>
     <span class='ocr_line' id='line_1_9' title="bbox 295 1601 1179 1691; baseline -0.007 -22"><span class='ocrx_word' id='word_1_69' title='bbox 295 1605 417 1691; x_wconf 86' lang='lat' dir='ltr'>adjutus</span> <span class='ocrx_word' id='word_1_70' title='bbox 429 1609 610 1689; x_wconf 84' lang='lat' dir='ltr'>resurgeret.</span> <span class='ocrx_word' id='word_1_71' title='bbox 720 1646 726 1655; x_wconf 90' lang='lat'><em>-</em></span> <span class='ocrx_word' id='word_1_72' title='bbox 1176 1601 1179 1606; x_wconf 78' lang='grc'>’</span> 
     </span>
    </p>
   </div>
   <div class='ocr_carea' id='block_1_4' title="bbox 245 1909 1301 4372">
    <p class='ocr_par' dir='ltr' id='par_1_5' title="bbox 298 1909 1290 2073">
     <span class='ocr_line' id='line_1_10' title="bbox 342 1909 1290 1993; baseline -0.003 -19"><span class='ocrx_word' id='word_1_73' title='bbox 342 1910 396 1974; x_wconf 88' lang='lat' dir='ltr'>l&#39;l.</span> <span class='ocrx_word' id='word_1_74' title='bbox 421 1910 605 1974; x_wconf 76' lang='lat' dir='ltr'>Necessitas</span> <span class='ocrx_word' id='word_1_75' title='bbox 625 1910 864 1972; x_wconf 80' lang='lat' dir='ltr'>incarnationis</span> <span class='ocrx_word' id='word_1_76' title='bbox 884 1909 981 1972; x_wconf 83' lang='lat' dir='ltr'>Verbi</span> <span class='ocrx_word' id='word_1_77' title='bbox 996 1909 1042 1972; x_wconf 80' lang='lat' dir='ltr'>ad</span> <span class='ocrx_word' id='word_1_78' title='bbox 1056 1910 1290 1993; x_wconf 75' lang='lat' dir='ltr'>eamsatr&#39;sfae·</span> 
     </span>
     <span class='ocr_line' id='line_1_11' title="bbox 298 2009 651 2073; baseline 0 -1"><span class='ocrx_word' id='word_1_79' title='bbox 298 2019 414 2073; x_wconf 81' lang='lat' dir='ltr'>tionem</span> <span class='ocrx_word' id='word_1_80' title='bbox 431 2009 651 2073; x_wconf 75' lang='lat' dir='ltr'>exhibendam.</span> 
     </span>
    </p>

    <p class='ocr_par' dir='ltr' id='par_1_6' title="bbox 295 2105 1292 2585">
     <span class='ocr_line' id='line_1_12' title="bbox 341 2105 1289 2190; baseline -0.003 -19"><span class='ocrx_word' id='word_1_81' title='bbox 341 2109 384 2171; x_wconf 94' lang='lat' dir='ltr'>D.</span> <span class='ocrx_word' id='word_1_82' title='bbox 410 2107 473 2171; x_wconf 87' lang='lat' dir='ltr'>Cur</span> <span class='ocrx_word' id='word_1_83' title='bbox 497 2129 557 2170; x_wconf 89' lang='lat' dir='ltr'>non</span> <span class='ocrx_word' id='word_1_84' title='bbox 580 2106 663 2170; x_wconf 85' lang='lat' dir='ltr'><strong>misit</strong></span> <span class='ocrx_word' id='word_1_85' title='bbox 687 2106 863 2190; x_wconf 84' lang='lat' dir='ltr'>Angelum,</span> <span class='ocrx_word' id='word_1_86' title='bbox 891 2113 927 2169; x_wconf 93' lang='lat' dir='ltr'>ut</span> <span class='ocrx_word' id='word_1_87' title='bbox 950 2127 1020 2170; x_wconf 90' lang='lat' dir='ltr'>eum</span> <span class='ocrx_word' id='word_1_88' title='bbox 1045 2105 1228 2170; x_wconf 80' lang='lat' dir='ltr'>redimeretf</span> <span class='ocrx_word' id='word_1_89' title='bbox 1250 2142 1289 2154; x_wconf 96' lang='lat'><em>-</em></span> 
     </span>
     <span class='ocr_line' id='line_1_13' title="bbox 297 2205 1291 2291; baseline -0.002 -21"><span class='ocrx_word' id='word_1_90' title='bbox 297 2208 342 2270; x_wconf 90' lang='lat' dir='ltr'>M.</span> <span class='ocrx_word' id='word_1_91' title='bbox 370 2207 405 2270; x_wconf 88' lang='lat' dir='ltr'>Si</span> <span class='ocrx_word' id='word_1_92' title='bbox 431 2207 570 2291; x_wconf 87' lang='lat' dir='ltr'>Angelus</span> <span class='ocrx_word' id='word_1_93' title='bbox 595 2205 746 2268; x_wconf 90' lang='lat' dir='ltr'>homiuem</span> <span class='ocrx_word' id='word_1_94' title='bbox 769 2205 959 2281; x_wconf 89' lang='lat' dir='ltr'>redimisset,</span> <span class='ocrx_word' id='word_1_95' title='bbox 987 2213 1060 2269; x_wconf 91' lang='lat' dir='ltr'>tunc</span> <span class='ocrx_word' id='word_1_96' title='bbox 1082 2205 1163 2268; x_wconf 91' lang='lat' dir='ltr'>illius</span> <span class='ocrx_word' id='word_1_97' title='bbox 1185 2226 1291 2270; x_wconf 88' lang='lat' dir='ltr'>servus</span> 
     </span>
     <span class='ocr_line' id='line_1_14' title="bbox 297 2303 1292 2388; baseline 0 -20"><span class='ocrx_word' id='word_1_98' title='bbox 297 2313 392 2377; x_wconf 89' lang='lat' dir='ltr'>esset;</span> <span class='ocrx_word' id='word_1_99' title='bbox 418 2305 509 2368; x_wconf 92' lang='lat' dir='ltr'>homo</span> <span class='ocrx_word' id='word_1_100' title='bbox 528 2312 631 2369; x_wconf 87' lang='lat' dir='ltr'>autern</span> <span class='ocrx_word' id='word_1_101' title='bbox 656 2304 700 2367; x_wconf 88' lang='lat' dir='ltr'>sic</span> <span class='ocrx_word' id='word_1_102' title='bbox 713 2304 833 2369; x_wconf 85' lang='lat' dir='ltr'>restitui</span> <span class='ocrx_word' id='word_1_103' title='bbox 848 2305 968 2379; x_wconf 85' lang='lat' dir='ltr'>debuit,</span> <span class='ocrx_word' id='word_1_104' title='bbox 986 2313 1022 2368; x_wconf 93' lang='lat' dir='ltr'>ut</span> <span class='ocrx_word' id='word_1_105' title='bbox 1034 2303 1160 2386; x_wconf 84' lang='lat' dir='ltr'>aequalis</span> <span class='ocrx_word' id='word_1_106' title='bbox 1175 2304 1292 2388; x_wconf 88' lang='lat' dir='ltr'>angelis</span> 
     </span>
     <span class='ocr_line' id='line_1_15' title="bbox 297 2402 1292 2487; baseline -0.002 -22"><span class='ocrx_word' id='word_1_107' title='bbox 297 2411 389 2466; x_wconf 92' lang='lat' dir='ltr'>esset.</span> <span class='ocrx_word' id='word_1_108' title='bbox 401 2405 444 2465; x_wconf 92' lang='lat' dir='ltr'>Et</span> <span class='ocrx_word' id='word_1_109' title='bbox 455 2403 537 2465; x_wconf 89' lang='lat' dir='ltr'>aliud</span> <span class='ocrx_word' id='word_1_110' title='bbox 549 2404 654 2465; x_wconf 89' lang='lat' dir='ltr'>oberat</span> <span class='ocrx_word' id='word_1_111' title='bbox 666 2426 671 2462; x_wconf 96' lang='lat'><strong>:</strong></span> <span class='ocrx_word' id='word_1_112' title='bbox 687 2402 827 2487; x_wconf 82' lang='lat' dir='ltr'>Angelus</span> <span class='ocrx_word' id='word_1_113' title='bbox 838 2404 869 2466; x_wconf 93' lang='lat' dir='ltr'>iu</span> <span class='ocrx_word' id='word_1_114' title='bbox 881 2425 937 2468; x_wconf 89' lang='lat' dir='ltr'>sna</span> <span class='ocrx_word' id='word_1_115' title='bbox 946 2411 1056 2468; x_wconf 90' lang='lat' dir='ltr'>natura</span> <span class='ocrx_word' id='word_1_116' title='bbox 1063 2403 1217 2467; x_wconf 87' lang='lat' dir='ltr'>invalidus</span> <span class='ocrx_word' id='word_1_117' title='bbox 1227 2408 1292 2465; x_wconf 90' lang='lat' dir='ltr'>erat</span> 
     </span>
     <span class='ocr_line' id='line_1_16' title="bbox 295 2499 1245 2585; baseline 0.002 -22"><span class='ocrx_word' id='word_1_118' title='bbox 295 2499 448 2563; x_wconf 90' lang='lat' dir='ltr'>hominem</span> <span class='ocrx_word' id='word_1_119' title='bbox 457 2499 620 2573; x_wconf 90' lang='lat' dir='ltr'>redimere;</span> <span class='ocrx_word' id='word_1_120' title='bbox 636 2500 663 2563; x_wconf 90' lang='lat' dir='ltr'>si</span> <span class='ocrx_word' id='word_1_121' title='bbox 677 2507 780 2565; x_wconf 87' lang='lat' dir='ltr'>autem</span> <span class='ocrx_word' id='word_1_122' title='bbox 793 2503 885 2566; x_wconf 90' lang='lat' dir='ltr'>homo</span> <span class='ocrx_word' id='word_1_123' title='bbox 900 2505 1003 2578; x_wconf 89' lang='lat' dir='ltr'>fieret,</span> <span class='ocrx_word' id='word_1_124' title='bbox 1017 2502 1116 2567; x_wconf 90' lang='lat' dir='ltr'>minus</span> <span class='ocrx_word' id='word_1_125' title='bbox 1127 2509 1245 2585; x_wconf 84' lang='lat' dir='ltr'>posset.</span> 
     </span>
    </p>

    <p class='ocr_par' dir='ltr' id='par_1_7' title="bbox 294 2599 1295 3066">
     <span class='ocr_line' id='line_1_17' title="bbox 339 2599 1289 2675; baseline 0.004 -13"><span class='ocrx_word' id='word_1_126' title='bbox 339 2599 381 2662; x_wconf 90' lang='lat' dir='ltr'>D.</span> <span class='ocrx_word' id='word_1_127' title='bbox 407 2599 511 2675; x_wconf 78' lang='lat' dir='ltr'>Quare</span> <span class='ocrx_word' id='word_1_128' title='bbox 529 2619 589 2661; x_wconf 90' lang='lat' dir='ltr'>non</span> <span class='ocrx_word' id='word_1_129' title='bbox 612 2599 729 2664; x_wconf 87' lang='lat' dir='ltr'>creavit</span> <span class='ocrx_word' id='word_1_130' title='bbox 748 2602 834 2665; x_wconf 92' lang='lat' dir='ltr'>Deus</span> <span class='ocrx_word' id='word_1_131' title='bbox 854 2603 947 2665; x_wconf 91' lang='lat' dir='ltr'>alium</span> <span class='ocrx_word' id='word_1_132' title='bbox 964 2603 1118 2666; x_wconf 90' lang='lat' dir='ltr'>hominem</span> <span class='ocrx_word' id='word_1_133' title='bbox 1136 2603 1176 2665; x_wconf 92' lang='lat' dir='ltr'>de</span> <span class='ocrx_word' id='word_1_134' title='bbox 1192 2610 1289 2673; x_wconf 83' lang='lat' dir='ltr'>terra,</span> 
     </span>
     <span class='ocr_line' id='line_1_18' title="bbox 296 2698 1294 2782; baseline 0.002 -20"><span class='ocrx_word' id='word_1_135' title='bbox 296 2707 330 2762; x_wconf 94' lang='lat' dir='ltr'>ut</span> <span class='ocrx_word' id='word_1_136' title='bbox 345 2698 481 2763; x_wconf 89' lang='lat' dir='ltr'>mitteret</span> <span class='ocrx_word' id='word_1_137' title='bbox 498 2720 567 2764; x_wconf 91' lang='lat' dir='ltr'>eum</span> <span class='ocrx_word' id='word_1_138' title='bbox 584 2720 639 2782; x_wconf 92' lang='lat' dir='ltr'>pro</span> <span class='ocrx_word' id='word_1_139' title='bbox 654 2701 794 2782; x_wconf 84' lang='lat' dir='ltr'>perditol</span> <span class='ocrx_word' id='word_1_140' title='bbox 821 2739 860 2751; x_wconf 97' lang='lat'>-</span> <span class='ocrx_word' id='word_1_141' title='bbox 884 2703 932 2765; x_wconf 91' lang='lat' dir='ltr'>M.</span> <span class='ocrx_word' id='word_1_142' title='bbox 958 2703 993 2767; x_wconf 88' lang='lat' dir='ltr'>Si</span> <span class='ocrx_word' id='word_1_143' title='bbox 1008 2723 1122 2766; x_wconf 86' lang='lat' dir='ltr'>novum</span> <span class='ocrx_word' id='word_1_144' title='bbox 1136 2701 1294 2764; x_wconf 90' lang='lat' dir='ltr'>hominem</span> 
     </span>
     <span class='ocr_line' id='line_1_19' title="bbox 294 2794 1294 2886; baseline 0.001 -24"><span class='ocrx_word' id='word_1_145' title='bbox 294 2794 381 2863; x_wconf 88' lang='lat' dir='ltr'>Deus</span> <span class='ocrx_word' id='word_1_146' title='bbox 397 2807 530 2863; x_wconf 84' lang='lat' dir='ltr'>creasset</span> <span class='ocrx_word' id='word_1_147' title='bbox 548 2805 580 2863; x_wconf 95' lang='lat' dir='ltr'>et</span> <span class='ocrx_word' id='word_1_148' title='bbox 602 2797 755 2873; x_wconf 85' lang='lat' dir='ltr'>misisset,</span> <span class='ocrx_word' id='word_1_149' title='bbox 774 2808 847 2864; x_wconf 89' lang='lat' dir='ltr'>tunc</span> <span class='ocrx_word' id='word_1_150' title='bbox 862 2803 902 2864; x_wconf 90' lang='lat' dir='ltr'>ad</span> <span class='ocrx_word' id='word_1_151' title='bbox 917 2823 1014 2886; x_wconf 85' lang='lat' dir='ltr'>genus</span> <span class='ocrx_word' id='word_1_152' title='bbox 1027 2802 1107 2865; x_wconf 85' lang='lat' dir='ltr'>Adae</span> <span class='ocrx_word' id='word_1_153' title='bbox 1122 2800 1294 2884; x_wconf 85' lang='lat' dir='ltr'>redemptio</span> 
     </span>
     <span class='ocr_line' id='line_1_20' title="bbox 295 2898 1295 2984; baseline 0.001 -23"><span class='ocrx_word' id='word_1_154' title='bbox 295 2921 356 2963; x_wconf 87' lang='lat' dir='ltr'>non</span> <span class='ocrx_word' id='word_1_155' title='bbox 365 2899 531 2981; x_wconf 89' lang='lat' dir='ltr'>pertineret</span> <span class='ocrx_word' id='word_1_156' title='bbox 543 2919 551 2960; x_wconf 72' lang='grc' dir='ltr'><strong>ε</strong></span> <span class='ocrx_word' id='word_1_157' title='bbox 564 2898 604 2963; x_wconf 92' lang='lat' dir='ltr'>de</span> <span class='ocrx_word' id='word_1_158' title='bbox 613 2918 669 2961; x_wconf 90' lang='lat' dir='ltr'>suo</span> <span class='ocrx_word' id='word_1_159' title='bbox 679 2899 759 2962; x_wconf 90' lang='lat' dir='ltr'>enim</span> <span class='ocrx_word' id='word_1_160' title='bbox 770 2920 882 2984; x_wconf 87' lang='lat' dir='ltr'>genere</span> <span class='ocrx_word' id='word_1_161' title='bbox 894 2901 1000 2965; x_wconf 86' lang='lat' dir='ltr'>debuit</span> <span class='ocrx_word' id='word_1_162' title='bbox 1010 2921 1089 2976; x_wconf 91' lang='lat' dir='ltr'>esse,</span> <span class='ocrx_word' id='word_1_163' title='bbox 1107 2899 1162 2982; x_wconf 89' lang='lat' dir='ltr'>qui</span> <span class='ocrx_word' id='word_1_164' title='bbox 1173 2920 1230 2983; x_wconf 93' lang='lat' dir='ltr'>pro</span> <span class='ocrx_word' id='word_1_165' title='bbox 1240 2900 1295 2962; x_wconf 92' lang='lat' dir='ltr'>bo-</span> 
     </span>
     <span class='ocr_line' id='line_1_21' title="bbox 297 3001 591 3066; baseline 0 -3"><span class='ocrx_word' id='word_1_166' title='bbox 297 3002 378 3064; x_wconf 91' lang='lat' dir='ltr'>mine</span> <span class='ocrx_word' id='word_1_167' title='bbox 390 3001 591 3066; x_wconf 84' lang='lat' dir='ltr'>satisfaceret.</span> 
     </span>
    </p>

    <p class='ocr_par' dir='ltr' id='par_1_8' title="bbox 295 3099 1299 3385">
     <span class='ocr_line' id='line_1_22' title="bbox 340 3099 1295 3184; baseline -0.001 -19"><span class='ocrx_word' id='word_1_168' title='bbox 340 3102 383 3165; x_wconf 92' lang='lat' dir='ltr'>D.</span> <span class='ocrx_word' id='word_1_169' title='bbox 410 3101 472 3166; x_wconf 91' lang='lat' dir='ltr'>Cur</span> <span class='ocrx_word' id='word_1_170' title='bbox 486 3123 547 3165; x_wconf 90' lang='lat' dir='ltr'>non</span> <span class='ocrx_word' id='word_1_171' title='bbox 563 3099 646 3165; x_wconf 87' lang='lat' dir='ltr'>misit</span> <span class='ocrx_word' id='word_1_172' title='bbox 663 3101 750 3164; x_wconf 90' lang='lat' dir='ltr'>Deus</span> <span class='ocrx_word' id='word_1_173' title='bbox 769 3101 999 3171; x_wconf 79' lang='lat' dir='ltr'>Patriarcham.</span> <span class='ocrx_word' id='word_1_174' title='bbox 1016 3102 1066 3165; x_wconf 93' lang='lat' dir='ltr'>vel</span> <span class='ocrx_word' id='word_1_175' title='bbox 1081 3100 1295 3184; x_wconf 80' lang='lat' dir='ltr'>Prophetamf</span> 
     </span>
     <span class='ocr_line' id='line_1_23' title="bbox 297 3200 1299 3284; baseline 0.002 -20"><span class='ocrx_word' id='word_1_176' title='bbox 297 3238 336 3249; x_wconf 87' lang='lat'>-</span> <span class='ocrx_word' id='word_1_177' title='bbox 361 3201 409 3264; x_wconf 94' lang='grc' dir='ltr'>Μ.</span> <span class='ocrx_word' id='word_1_178' title='bbox 433 3200 620 3267; x_wconf 83' lang='lat' dir='ltr'>Patriarchae</span> <span class='ocrx_word' id='word_1_179' title='bbox 632 3207 663 3264; x_wconf 91' lang='lat' dir='ltr'>et</span> <span class='ocrx_word' id='word_1_180' title='bbox 674 3200 878 3283; x_wconf 80' lang='lat' dir='ltr'>Prophetae&#39;in</span> <span class='ocrx_word' id='word_1_181' title='bbox 889 3200 1024 3284; x_wconf 90' lang='lat' dir='ltr'>peccatis</span> <span class='ocrx_word' id='word_1_182' title='bbox 1034 3200 1175 3282; x_wconf 87' lang='lat' dir='ltr'>concepti</span> <span class='ocrx_word' id='word_1_183' title='bbox 1183 3207 1217 3264; x_wconf 93' lang='lat' dir='ltr'>et</span> <span class='ocrx_word' id='word_1_184' title='bbox 1227 3201 1299 3266; x_wconf 89' lang='lat' dir='ltr'>nati</span> 
     </span>
     <span class='ocr_line' id='line_1_24' title="bbox 295 3299 1212 3385; baseline -0.004 -20"><span class='ocrx_word' id='word_1_185' title='bbox 295 3308 397 3376; x_wconf 90' lang='lat' dir='ltr'>erant;</span> <span class='ocrx_word' id='word_1_186' title='bbox 410 3308 443 3364; x_wconf 92' lang='lat' dir='ltr'>et</span> <span class='ocrx_word' id='word_1_187' title='bbox 453 3300 523 3363; x_wconf 91' lang='lat' dir='ltr'>ideo</span> <span class='ocrx_word' id='word_1_188' title='bbox 536 3320 632 3385; x_wconf 87' lang='lat' dir='ltr'>genus</span> <span class='ocrx_word' id='word_1_189' title='bbox 643 3300 808 3363; x_wconf 90' lang='lat' dir='ltr'>humanum</span> <span class='ocrx_word' id='word_1_190' title='bbox 823 3299 971 3362; x_wconf 88' lang='lat' dir='ltr'>redimere</span> <span class='ocrx_word' id='word_1_191' title='bbox 982 3319 1043 3361; x_wconf 91' lang='lat' dir='ltr'>non</span> <span class='ocrx_word' id='word_1_192' title='bbox 1057 3305 1212 3381; x_wconf 88' lang='lat' dir='ltr'>poterant.</span> 
     </span>
    </p>

    <p class='ocr_par' dir='ltr' id='par_1_9' title="bbox 245 3394 1301 4372">
     <span class='ocr_line' id='line_1_25' title="bbox 337 3394 1297 3479; baseline 0.001 -18"><span class='ocrx_word' id='word_1_193' title='bbox 337 3398 381 3461; x_wconf 90' lang='lat' dir='ltr'>D.</span> <span class='ocrx_word' id='word_1_194' title='bbox 406 3396 525 3461; x_wconf 83' lang='lat' dir='ltr'>Evolve</span> <span class='ocrx_word' id='word_1_195' title='bbox 544 3403 665 3461; x_wconf 85' lang='lat' dir='ltr'>caetera.</span> <span class='ocrx_word' id='word_1_196' title='bbox 693 3431 731 3463; x_wconf 71' lang='grc'>-,-</span> <span class='ocrx_word' id='word_1_197' title='bbox 758 3397 803 3459; x_wconf 88' lang='grc' dir='ltr'>Μ.</span> <span class='ocrx_word' id='word_1_198' title='bbox 830 3395 911 3474; x_wconf 77' lang='lat' dir='ltr'>Quia</span> <span class='ocrx_word' id='word_1_199' title='bbox 931 3395 1024 3479; x_wconf 89' lang='lat' dir='ltr'>igitur</span> <span class='ocrx_word' id='word_1_200' title='bbox 1045 3394 1187 3478; x_wconf 88' lang='lat' dir='ltr'>Angelus</span> <span class='ocrx_word' id='word_1_201' title='bbox 1209 3398 1297 3462; x_wconf 85' lang='lat' dir='ltr'>redi-</span> 
     </span>
     <span class='ocr_line' id='line_1_26' title="bbox 296 3494 1295 3578; baseline 0.003 -20"><span class='ocrx_word' id='word_1_202' title='bbox 296 3516 379 3559; x_wconf 89' lang='lat' dir='ltr'>mere</span> <span class='ocrx_word' id='word_1_203' title='bbox 396 3514 457 3556; x_wconf 90' lang='lat' dir='ltr'>non</span> <span class='ocrx_word' id='word_1_204' title='bbox 472 3494 591 3568; x_wconf 89' lang='lat' dir='ltr'>debuit,</span> <span class='ocrx_word' id='word_1_205' title='bbox 608 3500 640 3557; x_wconf 93' lang='lat' dir='ltr'>et</span> <span class='ocrx_word' id='word_1_206' title='bbox 657 3494 750 3557; x_wconf 91' lang='lat' dir='ltr'>homo</span> <span class='ocrx_word' id='word_1_207' title='bbox 768 3517 824 3578; x_wconf 92' lang='lat' dir='ltr'>per</span> <span class='ocrx_word' id='word_1_208' title='bbox 843 3517 878 3560; x_wconf 93' lang='lat' dir='ltr'>se</span> <span class='ocrx_word' id='word_1_209' title='bbox 898 3494 1074 3560; x_wconf 88' lang='lat' dir='ltr'>satisfacere</span> <span class='ocrx_word' id='word_1_210' title='bbox 1087 3515 1149 3557; x_wconf 91' lang='lat' dir='ltr'>non</span> <span class='ocrx_word' id='word_1_211' title='bbox 1163 3497 1295 3578; x_wconf 88' lang='lat' dir='ltr'>potuit:</span> 
     </span>
     <span class='ocr_line' id='line_1_27' title="bbox 296 3592 1299 3681; baseline 0.004 -23"><span class='ocrx_word' id='word_1_212' title='bbox 296 3594 355 3658; x_wconf 91' lang='lat' dir='ltr'>Dei</span> <span class='ocrx_word' id='word_1_213' title='bbox 366 3592 475 3666; x_wconf 90' lang='lat' dir='ltr'>Filius,</span> <span class='ocrx_word' id='word_1_214' title='bbox 489 3614 543 3676; x_wconf 89' lang='lat' dir='ltr'>per</span> <span class='ocrx_word' id='word_1_215' title='bbox 555 3592 739 3676; x_wconf 87' lang='lat' dir='ltr'>quemfacta</span> <span class='ocrx_word' id='word_1_216' title='bbox 753 3604 824 3661; x_wconf 92' lang='lat' dir='ltr'>sunt</span> <span class='ocrx_word' id='word_1_217' title='bbox 835 3596 948 3670; x_wconf 90' lang='lat' dir='ltr'>omnia,</span> <span class='ocrx_word' id='word_1_218' title='bbox 962 3604 998 3660; x_wconf 92' lang='lat' dir='ltr'>ut</span> <span class='ocrx_word' id='word_1_219' title='bbox 1009 3603 1041 3660; x_wconf 88' lang='lat' dir='ltr'>et</span> <span class='ocrx_word' id='word_1_220' title='bbox 1051 3594 1223 3677; x_wconf 86' lang='lat' dir='ltr'>redemptio</span> <span class='ocrx_word' id='word_1_221' title='bbox 1237 3618 1299 3681; x_wconf 90' lang='lat' dir='ltr'>per</span> 
     </span>
     <span class='ocr_line' id='line_1_28' title="bbox 294 3693 1300 3776; baseline 0.007 -21"><span class='ocrx_word' id='word_1_222' title='bbox 294 3694 381 3756; x_wconf 92' lang='lat' dir='ltr'>illum</span> <span class='ocrx_word' id='word_1_223' title='bbox 392 3693 494 3765; x_wconf 91' lang='lat' dir='ltr'>fieret;</span> <span class='ocrx_word' id='word_1_224' title='bbox 509 3693 675 3775; x_wconf 82' lang='lat' dir='ltr'>assumpsit</span> <span class='ocrx_word' id='word_1_225' title='bbox 690 3694 813 3776; x_wconf 89' lang='lat' dir='ltr'>plenum</span> <span class='ocrx_word' id='word_1_226' title='bbox 824 3695 998 3758; x_wconf 85' lang='lat' dir='ltr'>hominem:</span> <span class='ocrx_word' id='word_1_227' title='bbox 1014 3702 1046 3759; x_wconf 90' lang='lat' dir='ltr'>et</span> <span class='ocrx_word' id='word_1_228' title='bbox 1057 3694 1087 3757; x_wconf 91' lang='lat' dir='ltr'>in</span> <span class='ocrx_word' id='word_1_229' title='bbox 1102 3695 1223 3758; x_wconf 89' lang='lat' dir='ltr'>duabus</span> <span class='ocrx_word' id='word_1_230' title='bbox 1236 3717 1300 3762; x_wconf 89' lang='lat' dir='ltr'>na-</span> 
     </span>
     <span class='ocr_line' id='line_1_29' title="bbox 296 3791 1301 3877; baseline -0.002 -21"><span class='ocrx_word' id='word_1_231' title='bbox 296 3792 373 3856; x_wconf 90' lang='lat' dir='ltr'>turis</span> <span class='ocrx_word' id='word_1_232' title='bbox 386 3791 485 3857; x_wconf 89' lang='lat' dir='ltr'>factus</span> <span class='ocrx_word' id='word_1_233' title='bbox 504 3800 552 3856; x_wconf 87' lang='lat' dir='ltr'>est</span> <span class='ocrx_word' id='word_1_234' title='bbox 569 3813 631 3856; x_wconf 92' lang='lat' dir='ltr'>una</span> <span class='ocrx_word' id='word_1_235' title='bbox 649 3813 789 3877; x_wconf 88' lang='lat' dir='ltr'>persona.</span> <span class='ocrx_word' id='word_1_236' title='bbox 807 3797 849 3859; x_wconf 89' lang='lat' dir='ltr'>Et</span> <span class='ocrx_word' id='word_1_237' title='bbox 862 3796 894 3858; x_wconf 91' lang='lat' dir='ltr'>in</span> <span class='ocrx_word' id='word_1_238' title='bbox 911 3795 965 3858; x_wconf 92' lang='lat' dir='ltr'>illa</span> <span class='ocrx_word' id='word_1_239' title='bbox 978 3801 1104 3869; x_wconf 88' lang='lat' dir='ltr'>natura,</span> <span class='ocrx_word' id='word_1_240' title='bbox 1121 3814 1190 3877; x_wconf 86' lang='lat' dir='ltr'>quae</span> <span class='ocrx_word' id='word_1_241' title='bbox 1206 3795 1301 3860; x_wconf 68' lang='lat' dir='ltr'>Deur</span> 
     </span>
     <span class='ocr_line' id='line_1_30' title="bbox 245 3891 1301 3975; baseline 0.007 -21"><span class='ocrx_word' id='word_1_242' title='bbox 245 3936 247 3941; x_wconf 19' lang='grc' dir='ltr'>η</span> <span class='ocrx_word' id='word_1_243' title='bbox 294 3899 378 3967; x_wconf 87' lang='lat' dir='ltr'>erat,</span> <span class='ocrx_word' id='word_1_244' title='bbox 392 3891 467 3956; x_wconf 89' lang='lat' dir='ltr'>vicit</span> <span class='ocrx_word' id='word_1_245' title='bbox 479 3892 647 3966; x_wconf 87' lang='lat' dir='ltr'>diabolum,</span> <span class='ocrx_word' id='word_1_246' title='bbox 665 3900 701 3955; x_wconf 94' lang='lat' dir='ltr'>ut</span> <span class='ocrx_word' id='word_1_247' title='bbox 715 3893 781 3975; x_wconf 91' lang='lat' dir='ltr'>ipse</span> <span class='ocrx_word' id='word_1_248' title='bbox 795 3894 914 3959; x_wconf 82' lang='lat' dir='ltr'>vicerat</span> <span class='ocrx_word' id='word_1_249' title='bbox 925 3894 1093 3968; x_wconf 87' lang='lat' dir='ltr'>bominem;</span> <span class='ocrx_word' id='word_1_250' title='bbox 1107 3900 1139 3956; x_wconf 93' lang='lat' dir='ltr'>et</span> <span class='ocrx_word' id='word_1_251' title='bbox 1152 3895 1301 3961; x_wconf 87' lang='lat' dir='ltr'>omnibus</span> 
     </span>
     <span class='ocr_line' id='line_1_31' title="bbox 294 3990 1299 4078; baseline 0.006 -23"><span class='ocrx_word' id='word_1_252' title='bbox 294 3990 517 4074; x_wconf 87' lang='lat' dir='ltr'>praedestinatis</span> <span class='ocrx_word' id='word_1_253' title='bbox 533 3992 642 4056; x_wconf 88' lang='lat' dir='ltr'>coelum</span> <span class='ocrx_word' id='word_1_254' title='bbox 661 3993 796 4075; x_wconf 90' lang='lat' dir='ltr'>aperuit,</span> <span class='ocrx_word' id='word_1_255' title='bbox 810 4003 842 4059; x_wconf 93' lang='lat' dir='ltr'>et</span> <span class='ocrx_word' id='word_1_256' title='bbox 860 3995 990 4078; x_wconf 86' lang='lat' dir='ltr'>Angelis</span> <span class='ocrx_word' id='word_1_257' title='bbox 1005 3992 1176 4076; x_wconf 80' lang='lat' dir='ltr'>coaequavit</span> <span class='ocrx_word' id='word_1_258' title='bbox 1188 4015 1197 4057; x_wconf 71' lang='grc' dir='ltr'>ε</span> <span class='ocrx_word' id='word_1_259' title='bbox 1210 4000 1299 4078; x_wconf 93' lang='lat' dir='ltr'>quod</span> 
     </span>
     <span class='ocr_line' id='line_1_32' title="bbox 295 4089 1300 4176; baseline 0.006 -23"><span class='ocrx_word' id='word_1_260' title='bbox 295 4090 378 4153; x_wconf 78' lang='lat' dir='ltr'>solus</span> <span class='ocrx_word' id='word_1_261' title='bbox 396 4091 481 4154; x_wconf 88' lang='lat' dir='ltr'>Deus</span> <span class='ocrx_word' id='word_1_262' title='bbox 496 4089 595 4154; x_wconf 86' lang='lat' dir='ltr'>lacere</span> <span class='ocrx_word' id='word_1_263' title='bbox 608 4092 717 4174; x_wconf 88' lang='lat' dir='ltr'>potuit.</span> <span class='ocrx_word' id='word_1_264' title='bbox 734 4093 769 4156; x_wconf 91' lang='lat' dir='ltr'>In</span> <span class='ocrx_word' id='word_1_265' title='bbox 790 4115 829 4156; x_wconf 90' lang='lat' dir='ltr'>ea</span> <span class='ocrx_word' id='word_1_266' title='bbox 850 4100 954 4158; x_wconf 91' lang='lat' dir='ltr'>autem</span> <span class='ocrx_word' id='word_1_267' title='bbox 974 4101 1100 4168; x_wconf 91' lang='lat' dir='ltr'>natura,</span> <span class='ocrx_word' id='word_1_268' title='bbox 1120 4114 1183 4176; x_wconf 90' lang='lat' dir='ltr'>qua</span> <span class='ocrx_word' id='word_1_269' title='bbox 1200 4094 1300 4161; x_wconf 91' lang='lat' dir='ltr'>homo</span> 
     </span>
     <span class='ocr_line' id='line_1_33' title="bbox 293 4188 1298 4275; baseline 0.006 -24"><span class='ocrx_word' id='word_1_270' title='bbox 293 4188 349 4254; x_wconf 88' lang='lat' dir='ltr'>fuit</span> <span class='ocrx_word' id='word_1_271' title='bbox 364 4190 462 4275; x_wconf 89' lang='lat' dir='ltr'>majus</span> <span class='ocrx_word' id='word_1_272' title='bbox 477 4211 533 4272; x_wconf 90' lang='lat' dir='ltr'>pro</span> <span class='ocrx_word' id='word_1_273' title='bbox 549 4191 657 4275; x_wconf 84' lang='lat' dir='ltr'>injuria</span> <span class='ocrx_word' id='word_1_274' title='bbox 677 4193 789 4256; x_wconf 90' lang='lat' dir='ltr'>mundo</span> <span class='ocrx_word' id='word_1_275' title='bbox 804 4194 912 4266; x_wconf 86' lang='lat' dir='ltr'>solvit,</span> <span class='ocrx_word' id='word_1_276' title='bbox 930 4215 1000 4258; x_wconf 90' lang='lat' dir='ltr'>curn</span> <span class='ocrx_word' id='word_1_277' title='bbox 1020 4200 1150 4258; x_wconf 89' lang='lat' dir='ltr'>mortem</span> <span class='ocrx_word' id='word_1_278' title='bbox 1170 4192 1298 4258; x_wconf 90' lang='lat' dir='ltr'>indebi-</span> 
     </span>
     <span class='ocr_line' id='line_1_34' title="bbox 294 4291 1020 4372; baseline 0.001 -18"><span class='ocrx_word' id='word_1_279' title='bbox 294 4298 356 4354; x_wconf 87' lang='lat' dir='ltr'>tam</span> <span class='ocrx_word' id='word_1_280' title='bbox 370 4291 462 4354; x_wconf 88' lang='lat' dir='ltr'>subiit</span> <span class='ocrx_word' id='word_1_281' title='bbox 476 4315 480 4352; x_wconf 95' lang='lat'><strong>:</strong></span> <span class='ocrx_word' id='word_1_282' title='bbox 501 4292 582 4372; x_wconf 91' lang='lat' dir='ltr'>quod</span> <span class='ocrx_word' id='word_1_283' title='bbox 594 4292 677 4355; x_wconf 90' lang='lat' dir='ltr'>solus</span> <span class='ocrx_word' id='word_1_284' title='bbox 692 4294 782 4356; x_wconf 90' lang='lat' dir='ltr'>horno</span> <span class='ocrx_word' id='word_1_285' title='bbox 795 4294 900 4358; x_wconf 87' lang='lat' dir='ltr'>debuit</span> <span class='ocrx_word' id='word_1_286' title='bbox 911 4294 1020 4358; x_wconf 83' lang='lat' dir='ltr'>facere.</span> 
     </span>
    </p>
   </div>
   <div class='ocr_carea' id='block_1_5' title="bbox 0 0 1596 5442">
    <p class='ocr_par' dir='ltr' id='par_1_10' title="bbox 0 0 1596 5442">
     <span class='ocr_line' id='line_1_35' title="bbox 0 0 1596 5442; baseline 0 1"><span class='ocrx_word' id='word_1_287' title='bbox 0 0 1596 5442; x_wconf 95' lang='lat' dir='ltr'> </span> 
     </span>
    </p>
   </div>
  </div>
 </body>
</html>
