3184 5442
341 702 406 762 258
609 754 615 763 ,
721 720 750 760 u.
779 721 950 761 usuvnxrvcr

342 868 375 922 ut
390 861 512 927 dieitur,
533 892 544 908 ··
558 857 675 919 Talium
691 867 738 920 est
750 859 829 920 enirn
842 879 968 942 regnum
984 859 1137 922 ooelorum.
1156 888 1169 912 »
1189 859 1250 936 Qui
1264 881 1331 922 vero

342 961 549 1041 quinquennes
561 966 646 1029 sunt,
662 966 693 1019 et
707 978 816 1039 supra,
831 958 954 1040 quidam
970 965 1115 1040 pereunt,
1131 959 1258 1040 quidam
1272 960 1329 1021 sal-

340 1069 459 1120 vantur.

382 1373 434 1434 19.
464 1373 511 1435 De
528 1370 750 1432 salvandorum
764 1381 945 1456 paucitate,
964 1386 994 1434 et
1015 1372 1170 1458 quomodo
1190 1373 1329 1436 Christus

332 1496 394 1558 pro
410 1470 553 1533 omnibus
568 1483 719 1533 mortum.

380 1573 419 1635 D.
444 1573 489 1635 Ut
506 1571 644 1643 videtur,
659 1571 746 1652 pauci
767 1579 837 1634 sunt
858 1571 909 1652 qui
928 1571 1096 1634 salvantur.
1118 1607 1159 1620 -·
1174 1573 1221 1635 M.
1236 1575 1329 1637 Arata

336 1681 384 1734 est
394 1671 445 1734 via
457 1693 525 1754 quae
538 1670 621 1733 ducit
632 1671 672 1732 ad
683 1671 790 1746 vitam,
806 1678 838 1733 et
851 1670 939 1752 pauci
956 1679 1027 1734 sunt
1041 1672 1093 1754 qui
1109 1672 1267 1735 ambulant
1277 1694 1329 1756 per

336 1793 414 1834 eam.
434 1773 550 1835 Tamen
572 1777 607 1832 ut
629 1770 768 1832 columba
788 1790 885 1852 grana
906 1790 983 1852 pura
1000 1770 1102 1853 eligit,
1123 1771 1168 1833 ita
1192 1770 1330 1836 Christus

335 1892 406 1933 suos
423 1870 535 1934 electos
550 1869 587 1931 de
599 1868 647 1930 his
662 1868 801 1931 omnibus
811 1869 973 1952 generibus
989 1869 1119 1932 latentes
1131 1870 1264 1954 colligis
1280 1872 1329 1953 qui

335 1971 428 2033 etiarn
445 1969 593 2052 quosdam
615 1968 653 2030 de
674 1988 785 2051 genere
803 1968 954 2031 latronum
972 1968 1110 2031 assumit.
1133 1968 1232 2033 Novit
1250 1970 1327 2032 enim

335 2070 387 2151 qui
403 2078 473 2132 sunt
485 2071 562 2154 ejus
577 2089 632 2150 pro
648 2068 756 2148 quibus
769 2067 862 2130 etiam
876 2068 1053 2150 'sanguinem
1068 2066 1156 2130 fudit.

378 2170 420 2231 D.
446 2167 523 2231 Cum
534 2168 678 2250 scriptum
689 2167 747 2229 sit:
768 2196 780 2217 u
794 2166 934 2230 Christus
943 2187 998 2249 pro
1007 2166 1109 2248 impiis
1121 2176 1261 2231 mortuus
1269 2178 1325 2246 est,

333 2277 364 2331 et
379 2268 477 2349 gratia
491 2267 551 2330 Dei
569 2287 624 2348 pro
644 2266 783 2328 omnibus
804 2267 940 2348 gustavit
957 2273 1086 2329 mortem
1106 2298 1119 2319 n
1138 2292 1144 2328 :
1163 2267 1329 2349 profuitne

333 2387 414 2428 mors
431 2368 495 2447 ejus
507 2364 627 2446 impiis?
641 2400 684 2410 -
699 2365 745 2425 M.
761 2364 901 2427 Christus
917 2385 972 2447 pro
989 2365 1060 2458 sotis
1075 2365 1327 2458 elssfflfflffls

234 2459 242 2471 ²
331 2473 397 2534 est,
413 2463 463 2543 qui
480 2471 552 2524 tuno
571 2473 658 2523 erunt
678 2462 780 2542 impii;
800 2464 872 2543 quia
885 2464 920 2548 'in
937 2447 1228 2546 infidelitatepositi
1244 2451 1326 2530 {Pro

332 2561 471 2622 omnibus
483 2568 585 2620 autem
598 2558 686 2633 dicit,
705 2559 835 2635 scilieet,
852 2561 890 2624 de
909 2563 1047 2625 omnibus
1065 2563 1223 2647 gentibus,
1241 2568 1325 2628 etde

333 2660 471 2722 omnibus
485 2658 607 2742 linguis
623 2667 655 2720 et
670 2679 731 2720 non
746 2661 844 2722 solum
858 2661 938 2723 illius
954 2662 1109 2744 temporis
1124 2664 1180 2725 sed
1190 2685 1247 2746 pro
1258 2686 1323 2726 om·

331 2761 419 2823 nibus
429 2758 549 2833 futuris
567 2766 598 2821 et
609 2780 664 2842 pro
679 2758 725 2821 his
738 2761 790 2842 qui
807 2768 893 2823 erant
904 2761 934 2823 in
946 2761 1054 2824 inferni
1065 2763 1217 2840 claustris,
1231 2771 1267 2826 ut
1277 2764 1322 2826 di-

332 2861 437 2923 citur:
470 2859 575 2921 “Non
596 2880 663 2921 sum
689 2859 800 2922 missus
824 2859 882 2921 nisi
905 2860 945 2921 ad
969 2881 1057 2934 oveS,
1081 2881 1150 2943 quae
1172 2862 1322 2944 perierunt

332 2962 441 3022 domus
456 2957 561 3022 Israel.
582 2988 593 3010 ›·
609 2959 728 3020 Domus
743 2959 837 3022 Israel
850 2967 897 3021 est
912 2979 1038 3041 regnum
1054 2961 1198 3024 ooelorum
1211 3012 1218 3034 ,
1233 2969 1265 3026 et
1278 2971 1322 3024 ost

333 3081 459 3144 regnum
474 3060 575 3121 Deum
586 3057 764 3120 videntium.
781 3057 865 3121 Oves
879 3078 947 3139 quae
960 3058 1115 3140 perierunt
1129 3069 1201 3124 sunt
1218 3061 1318 3132 electi,

332 3181 409 3242 quos
420 3159 504 3220 venit
516 3155 656 3220 Christus
668 3177 723 3219 sua
737 3165 835 3219 morte
846 3156 1005 3231 redimere,
1017 3165 1053 3220 ut
1062 3158 1172 3223 dicitur
1185 3185 1191 3223 :
1208 3192 1222 3213 a
1240 3161 1320 3225 Ani-

330 3281 413 3322 mam
433 3280 533 3321 meam
552 3279 632 3340 pono
652 3278 707 3340 pro
725 3257 831 3320 ovibus
852 3257 927 3320 meis
942 3289 954 3310 n
972 3281 979 3329 ;
998 3279 1053 3340 pro
1071 3258 1134 3321 suis
1152 3259 1249 3333 dixit,
1263 3280 1320 3322 non

330 3380 385 3440 pro
399 3359 469 3432 illis,
484 3358 642 3439 dequibus
654 3357 733 3419 dixit
748 3382 753 3418 :
773 3387 785 3408 u
801 3357 867 3420 Vos
875 3378 935 3418 non
947 3356 1022 3420 estis
1031 3359 1070 3420 de
1081 3359 1190 3422 ovibus
1202 3362 1287 3423 meis.
1305 3393 1316 3411 n

331 3460 405 3522 Inde
421 3458 513 3519 habes
531 3481 536 3518 :
560 3487 571 3508 u
592 3457 653 3521 Pro
668 3458 711 3520 eis
727 3478 812 3540 rogo,
826 3477 885 3518 non
898 3477 952 3539 pro
967 3459 1080 3520 mundo
1096 3490 1109 3512 n
1121 3481 1128 3530 ;
1142 3467 1175 3522 et
1189 3460 1316 3523 iterum:

335 3593 346 3611 u
363 3558 506 3622 Dilexisti
517 3580 570 3620 eos
582 3567 653 3620 ante
665 3559 910 3623 constitutionem
921 3560 1025 3623 mundi
1037 3592 1050 3613 n
1065 3585 1072 3633 ;
1086 3562 1125 3624 de
1134 3562 1181 3625 his
1190 3562 1298 3626 dieitur
1310 3589 1316 3626 :

334 3691 345 3710 u
365 3658 426 3721 Hic
442 3667 490 3720 est
504 3657 627 3738 sanguis
644 3659 694 3738 qui
707 3679 761 3741 pro
775 3660 862 3722 vobis
874 3667 905 3722 et
921 3680 976 3742 pro
987 3659 1090 3723 multis
1102 3660 1282 3726 effundetur.
1303 3696 1315 3715 u

327 3759 399 3821 Non
411 3755 499 3831 dicit,
512 3783 525 3808 u
537 3775 592 3837 pro
608 3758 755 3819 omnibus
771 3791 783 3812 n
798 3759 883 3822 Nihil
894 3760 972 3821 enim
985 3759 1111 3823 'contulit
1117 3761 1255 3842 reprobis
1263 3762 1318 3824 nisi

325 3863 438 3945 justam
454 3855 679 3918 damnationem
692 3879 774 3919 mors
790 3858 925 3932 Christi,
941 3867 972 3922 et
986 3860 1040 3923 tali
1055 3862 1144 3922 modo
1159 3862 1252 3925 etiarn
1265 3883 1318 3945 pro

226 4034 230 4041 .
326 3956 401 4040 ipsis
412 3963 550 4017 mortuus
565 3962 621 4016 est.
641 3956 756 4019 Omnes
767 3958 849 4021 enim
864 3960 958 4043 iniqui
972 3962 1010 4024 ab
1021 3960 1107 4024 initio
1121 3963 1227 4024 mundi
1245 3983 1316 4026 con-

326 4061 484 4121 senserunt
506 4055 537 4115 in
557 4075 662 4117 necem
681 4056 810 4132 Christi,
828 4061 908 4122 unde
927 4060 1058 4123 dicitur:
1078 4091 1091 4113 u
1108 4060 1241 4123 Venient
1256 4061 1317 4123 haeo

326 4154 427 4219 onmia
438 4173 529 4234 super
538 4155 763 4236 generationem
776 4157 878 4231 istam,
894 4158 1008 4222 scilicet
1023 4161 1180 4224 malorum.
1201 4192 1214 4212 ν·

367 4256 407 4318 D.
436 4247 513 4313 Cum
528 4252 669 4317 Christus
684 4255 723 4319 sit
744 4256 811 4337 ipsa
826 4256 1047 4333 misericordia,
1062 4268 1093 4322 et
1108 4260 1316 4324 miserationes
