<?xml version="1.0" encoding="UTF-8"?>
<!DOCTYPE html PUBLIC "-//W3C//DTD XHTML 1.0 Transitional//EN"
    "http://www.w3.org/TR/xhtml1/DTD/xhtml1-transitional.dtd">
<html xmlns="http://www.w3.org/1999/xhtml" xml:lang="en" lang="en">
 <head>
  <title>
</title>
<meta http-equiv="Content-Type" content="text/html;charset=utf-8" />
  <meta name='ocr-system' content='tesseract 3.04.00' />
  <meta name='ocr-capabilities' content='ocr_page ocr_carea ocr_par ocr_line ocrx_word'/>
</head>
<body>
  <div class='ocr_page' id='page_1' title='image "./operaquaesupers00lanfgoog_0197.png"; bbox 0 0 3184 5442; ppageno 0'>
   <div class='ocr_carea' id='block_1_1' title="bbox 465 719 1196 783">
    <p class='ocr_par' dir='ltr' id='par_1_1' title="bbox 465 719 1196 783">
     <span class='ocr_line' id='line_1_1' title="bbox 465 719 1196 783; baseline 0 -3"><span class='ocrx_word' id='word_1_1' title='bbox 465 741 672 783; x_wconf 70' lang='lat' dir='ltr'>rzrrcrnrnrurr</span> <span class='ocrx_word' id='word_1_2' title='bbox 697 740 764 781; x_wconf 74' lang='lat' dir='ltr'>suu</span> <span class='ocrx_word' id='word_1_3' title='bbox 787 720 943 781; x_wconf 77' lang='lat' dir='ltr'>nrnroer&#39;s.</span> <span class='ocrx_word' id='word_1_4' title='bbox 1135 719 1196 780; x_wconf 69' lang='lat'>201</span> 
     </span>
    </p>
   </div>
   <div class='ocr_carea' id='block_1_2' title="bbox 614 975 793 1040">
    <p class='ocr_par' dir='ltr' id='par_1_2' title="bbox 614 975 793 1040">
     <span class='ocr_line' id='line_1_2' title="bbox 614 975 793 1040; baseline -0.017 -1"><span class='ocrx_word' id='word_1_5' title='bbox 614 975 744 1040; x_wconf 89' lang='lat' dir='ltr'><strong>LIBER</strong></span> <span class='ocrx_word' id='word_1_6' title='bbox 766 976 793 1038; x_wconf 94' lang='lat' dir='ltr'>I.</span> 
     </span>
    </p>
   </div>
   <div class='ocr_carea' id='block_1_3' title="bbox 262 1148 1415 1248">
    <p class='ocr_par' dir='ltr' id='par_1_3' title="bbox 262 1148 1415 1248">
     <span class='ocr_line' id='line_1_3' title="bbox 262 1148 1415 1248; baseline 0 -25"><span class='ocrx_word' id='word_1_7' title='bbox 262 1160 293 1223; x_wconf 95' lang='lat' dir='ltr'>l.</span> <span class='ocrx_word' id='word_1_8' title='bbox 317 1159 403 1244; x_wconf 83' lang='lat' dir='ltr'>Quid</span> <span class='ocrx_word' id='word_1_9' title='bbox 421 1170 462 1222; x_wconf 79' lang='lat' dir='ltr'>sit</span> <span class='ocrx_word' id='word_1_10' title='bbox 487 1163 573 1225; x_wconf 82' lang='lat' dir='ltr'>Deus</span> <span class='ocrx_word' id='word_1_11' title='bbox 583 1164 600 1222; x_wconf 66' lang='grc' dir='ltr'>,Ρ</span> <span class='ocrx_word' id='word_1_12' title='bbox 611 1176 641 1224; x_wconf 88' lang='lat' dir='ltr'>et</span> <span class='ocrx_word' id='word_1_13' title='bbox 664 1161 817 1248; x_wconf 82' lang='lat' dir='ltr'>quomodo</span> <span class='ocrx_word' id='word_1_14' title='bbox 839 1184 919 1223; x_wconf 84' lang='lat' dir='ltr'>unrrs</span> <span class='ocrx_word' id='word_1_15' title='bbox 938 1185 976 1222; x_wconf 80' lang='lat' dir='ltr'>ac</span> <span class='ocrx_word' id='word_1_16' title='bbox 997 1170 1109 1240; x_wconf 81' lang='lat' dir='ltr'>trinus,</span> <span class='ocrx_word' id='word_1_17' title='bbox 1128 1164 1204 1226; x_wconf 82' lang='lat' dir='ltr'>solis</span> <span class='ocrx_word' id='word_1_18' title='bbox 1258 1155 1301 1235; x_wconf 68' lang='lat' dir='ltr'>ci.</span> <span class='ocrx_word' id='word_1_19' title='bbox 1327 1148 1334 1185; x_wconf 60' lang='lat'><em>³</em></span> <span class='ocrx_word' id='word_1_20' title='bbox 1363 1155 1368 1167; x_wconf 83' lang='grc'><strong>’</strong></span> <span class='ocrx_word' id='word_1_21' title='bbox 1411 1162 1415 1169; x_wconf 81' lang='grc'><strong>’</strong></span> 
     </span>
    </p>
   </div>
   <div class='ocr_carea' id='block_1_4' title="bbox 205 1261 1203 1646">
    <p class='ocr_par' dir='ltr' id='par_1_4' title="bbox 206 1261 660 1347">
     <span class='ocr_line' id='line_1_4' title="bbox 206 1261 660 1347; baseline 0.004 -27"><span class='ocrx_word' id='word_1_22' title='bbox 206 1265 444 1347; x_wconf 74' lang='lat' dir='ltr'>comparatione</span> <span class='ocrx_word' id='word_1_23' title='bbox 459 1261 660 1324; x_wconf 62' lang='lat' dir='ltr'>ostenditur?</span> 
     </span>
    </p>

    <p class='ocr_par' dir='ltr' id='par_1_5' title="bbox 205 1361 1203 1646">
     <span class='ocr_line' id='line_1_5' title="bbox 250 1361 1203 1446; baseline 0.001 -21"><span class='ocrx_word' id='word_1_24' title='bbox 250 1362 448 1425; x_wconf 83' lang='lat' dir='ltr'>Drscreurus.</span> <span class='ocrx_word' id='word_1_25' title='bbox 467 1362 609 1426; x_wconf 91' lang='lat' dir='ltr'>Gloriose</span> <span class='ocrx_word' id='word_1_26' title='bbox 623 1361 787 1444; x_wconf 83' lang='lat' dir='ltr'>Magister,</span> <span class='ocrx_word' id='word_1_27' title='bbox 803 1382 876 1445; x_wconf 87' lang='lat' dir='ltr'>rogo</span> <span class='ocrx_word' id='word_1_28' title='bbox 894 1369 930 1426; x_wconf 94' lang='lat' dir='ltr'>ut</span> <span class='ocrx_word' id='word_1_29' title='bbox 940 1364 979 1425; x_wconf 90' lang='lat' dir='ltr'>ad</span> <span class='ocrx_word' id='word_1_30' title='bbox 992 1364 1120 1446; x_wconf 80' lang='lat' dir='ltr'>quaesita</span> <span class='ocrx_word' id='word_1_31' title='bbox 1130 1363 1203 1427; x_wconf 91' lang='lat' dir='ltr'>mihi</span> 
     </span>
     <span class='ocr_line' id='line_1_6' title="bbox 205 1461 1202 1547; baseline 0.002 -23"><span class='ocrx_word' id='word_1_32' title='bbox 205 1483 244 1525; x_wconf 89' lang='lat' dir='ltr'>ne</span> <span class='ocrx_word' id='word_1_33' title='bbox 262 1461 416 1547; x_wconf 79' lang='lat' dir='ltr'>pigriteris</span> <span class='ocrx_word' id='word_1_34' title='bbox 437 1463 636 1545; x_wconf 86' lang='lat' dir='ltr'>respondere,</span> <span class='ocrx_word' id='word_1_35' title='bbox 661 1462 701 1524; x_wconf 91' lang='lat' dir='ltr'>ad</span> <span class='ocrx_word' id='word_1_36' title='bbox 722 1462 867 1534; x_wconf 85' lang='lat' dir='ltr'>honorem</span> <span class='ocrx_word' id='word_1_37' title='bbox 887 1463 960 1539; x_wconf 91' lang='lat' dir='ltr'>Dei,</span> <span class='ocrx_word' id='word_1_38' title='bbox 985 1470 1018 1527; x_wconf 88' lang='lat' dir='ltr'>et</span> <span class='ocrx_word' id='word_1_39' title='bbox 1039 1463 1202 1528; x_wconf 78' lang='lat' dir='ltr'>utilitatem</span> 
     </span>
     <span class='ocr_line' id='line_1_7' title="bbox 205 1560 1203 1646; baseline 0.001 -22"><span class='ocrx_word' id='word_1_40' title='bbox 205 1561 361 1626; x_wconf 84' lang='lat' dir='ltr'>Ecclesiae.</span> <span class='ocrx_word' id='word_1_41' title='bbox 382 1598 422 1610; x_wconf 91' lang='lat'>-</span> <span class='ocrx_word' id='word_1_42' title='bbox 439 1563 615 1626; x_wconf 76' lang='lat' dir='ltr'>Mnersrnn.</span> <span class='ocrx_word' id='word_1_43' title='bbox 636 1561 789 1644; x_wconf 86' lang='lat' dir='ltr'>Equidem</span> <span class='ocrx_word' id='word_1_44' title='bbox 809 1560 936 1636; x_wconf 88' lang='lat' dir='ltr'>faciam,</span> <span class='ocrx_word' id='word_1_45' title='bbox 961 1570 1109 1646; x_wconf 91' lang='lat' dir='ltr'>quantum</span> <span class='ocrx_word' id='word_1_46' title='bbox 1129 1563 1203 1626; x_wconf 91' lang='lat' dir='ltr'>mihi</span> 
     </span>
    </p>
   </div>
   <div class='ocr_carea' id='block_1_5' title="bbox 331 1681 974 1748">
    <p class='ocr_par' dir='ltr' id='par_1_6' title="bbox 331 1681 974 1748">
     <span class='ocr_line' id='line_1_8' title="bbox 331 1681 974 1748; baseline 0 -17"><span class='ocrx_word' id='word_1_47' title='bbox 331 1683 408 1733; x_wconf 87' lang='lat' dir='ltr'>Vires</span> <span class='ocrx_word' id='word_1_48' title='bbox 422 1683 478 1748; x_wconf 86' lang='lat' dir='ltr'>ipse</span> <span class='ocrx_word' id='word_1_49' title='bbox 488 1683 570 1743; x_wconf 86' lang='lat' dir='ltr'>dabit;</span> <span class='ocrx_word' id='word_1_50' title='bbox 587 1696 636 1732; x_wconf 90' lang='lat' dir='ltr'>nec</span> <span class='ocrx_word' id='word_1_51' title='bbox 647 1696 691 1731; x_wconf 85' lang='lat' dir='ltr'>me</span> <span class='ocrx_word' id='word_1_52' title='bbox 701 1681 781 1732; x_wconf 89' lang='lat' dir='ltr'>labor.</span> <span class='ocrx_word' id='word_1_53' title='bbox 787 1682 837 1732; x_wconf 80' lang='lat' dir='ltr'>iste</span> <span class='ocrx_word' id='word_1_54' title='bbox 847 1682 974 1746; x_wconf 75' lang='lat' dir='ltr'>gravabit.</span> 
     </span>
    </p>
   </div>
   <div class='ocr_carea' id='block_1_6' title="bbox 1269 1182 1457 1292">
    <p class='ocr_par' dir='ltr' id='par_1_7' title="bbox 1269 1182 1457 1292">
     <span class='ocr_line' id='line_1_9' title="bbox 1315 1182 1457 1242; baseline 0.007 -8"><span class='ocrx_word' id='word_1_55' title='bbox 1315 1182 1457 1242; x_wconf 48' lang='lat' dir='ltr'>rimari-Mi.</span> 
     </span>
     <span class='ocr_line' id='line_1_10' title="bbox 1269 1250 1273 1268; baseline 0 0"><span class='ocrx_word' id='word_1_56' title='bbox 1269 1250 1273 1268; x_wconf 85' lang='lat' dir='ltr'>t</span> 
     </span>
     <span class='ocr_line' id='line_1_11' title="bbox 1302 1271 1307 1292; baseline 0 0"><span class='ocrx_word' id='word_1_57' title='bbox 1302 1271 1307 1292; x_wconf 76' lang='lat' dir='ltr'>l</span> 
     </span>
    </p>
   </div>
   <div class='ocr_carea' id='block_1_7' title="bbox 205 1796 1240 3279">
    <p class='ocr_par' dir='ltr' id='par_1_8' title="bbox 205 1796 1240 2578">
     <span class='ocr_line' id='line_1_12' title="bbox 250 1796 1203 1881; baseline 0.003 -22"><span class='ocrx_word' id='word_1_58' title='bbox 250 1796 291 1859; x_wconf 94' lang='lat' dir='ltr'>D.</span> <span class='ocrx_word' id='word_1_59' title='bbox 318 1796 439 1861; x_wconf 82' lang='lat' dir='ltr'>Dicitur</span> <span class='ocrx_word' id='word_1_60' title='bbox 463 1799 545 1881; x_wconf 92' lang='lat' dir='ltr'>quod</span> <span class='ocrx_word' id='word_1_61' title='bbox 571 1817 661 1860; x_wconf 90' lang='lat' dir='ltr'>nemo</span> <span class='ocrx_word' id='word_1_62' title='bbox 684 1797 762 1861; x_wconf 90' lang='lat' dir='ltr'>sciat</span> <span class='ocrx_word' id='word_1_63' title='bbox 782 1797 856 1879; x_wconf 89' lang='lat' dir='ltr'>quid</span> <span class='ocrx_word' id='word_1_64' title='bbox 876 1797 916 1863; x_wconf 88' lang='lat' dir='ltr'>sit</span> <span class='ocrx_word' id='word_1_65' title='bbox 933 1798 1035 1872; x_wconf 91' lang='lat' dir='ltr'>Deus;</span> <span class='ocrx_word' id='word_1_66' title='bbox 1059 1806 1093 1862; x_wconf 90' lang='lat' dir='ltr'>et</span> <span class='ocrx_word' id='word_1_67' title='bbox 1114 1800 1203 1864; x_wconf 86' lang='lat' dir='ltr'>valde</span> 
     </span>
     <span class='ocr_line' id='line_1_13' title="bbox 205 1888 1202 1982; baseline 0.004 -25"><span class='ocrx_word' id='word_1_68' title='bbox 205 1896 326 1959; x_wconf 86' lang='lat' dir='ltr'>videtur·</span> <span class='ocrx_word' id='word_1_69' title='bbox 347 1899 512 1961; x_wconf 86' lang='lat' dir='ltr'>absurdum</span> <span class='ocrx_word' id='word_1_70' title='bbox 535 1899 663 1961; x_wconf 86' lang='lat' dir='ltr'>adorare</span> <span class='ocrx_word' id='word_1_71' title='bbox 682 1898 765 1980; x_wconf 89' lang='lat' dir='ltr'>quod</span> <span class='ocrx_word' id='word_1_72' title='bbox 782 1897 962 1962; x_wconf 83' lang='lat' dir='ltr'>nesciamus.</span> <span class='ocrx_word' id='word_1_73' title='bbox 981 1898 1034 1961; x_wconf 92' lang='lat' dir='ltr'>Ab</span> <span class='ocrx_word' id='word_1_74' title='bbox 1048 1897 1115 1981; x_wconf 87' lang='lat' dir='ltr'>ipso</span> <span class='ocrx_word' id='word_1_75' title='bbox 1131 1888 1202 1982; x_wconf 90' lang='lat' dir='ltr'>ergo</span> 
     </span>
     <span class='ocr_line' id='line_1_14' title="bbox 206 1997 1202 2080; baseline 0.003 -21"><span class='ocrx_word' id='word_1_76' title='bbox 206 1997 364 2059; x_wconf 86' lang='lat' dir='ltr'>exordium</span> <span class='ocrx_word' id='word_1_77' title='bbox 383 2019 558 2071; x_wconf 79' lang='lat' dir='ltr'>sumamus3</span> <span class='ocrx_word' id='word_1_78' title='bbox 582 2006 614 2062; x_wconf 90' lang='lat' dir='ltr'>et</span> <span class='ocrx_word' id='word_1_79' title='bbox 632 1998 663 2060; x_wconf 90' lang='lat' dir='ltr'>in</span> <span class='ocrx_word' id='word_1_80' title='bbox 678 1997 785 2080; x_wconf 86' lang='lat' dir='ltr'>primis</span> <span class='ocrx_word' id='word_1_81' title='bbox 803 1997 853 2061; x_wconf 90' lang='lat' dir='ltr'>dic</span> <span class='ocrx_word' id='word_1_82' title='bbox 869 1997 943 2061; x_wconf 90' lang='lat' dir='ltr'>mihi</span> <span class='ocrx_word' id='word_1_83' title='bbox 958 1997 1032 2080; x_wconf 93' lang='lat' dir='ltr'>quid</span> <span class='ocrx_word' id='word_1_84' title='bbox 1045 1998 1086 2061; x_wconf 94' lang='lat' dir='ltr'>sit</span> <span class='ocrx_word' id='word_1_85' title='bbox 1100 1998 1202 2062; x_wconf 81' lang='lat' dir='ltr'>Deusl</span> 
     </span>
     <span class='ocr_line' id='line_1_15' title="bbox 207 2097 1204 2176; baseline 0 -14"><span class='ocrx_word' id='word_1_86' title='bbox 207 2133 248 2146; x_wconf 92' lang='lat'>-</span> <span class='ocrx_word' id='word_1_87' title='bbox 264 2097 311 2161; x_wconf 93' lang='grc' dir='ltr'>Μ.</span> <span class='ocrx_word' id='word_1_88' title='bbox 336 2098 494 2176; x_wconf 87' lang='lat' dir='ltr'>Quantum</span> <span class='ocrx_word' id='word_1_89' title='bbox 516 2098 631 2161; x_wconf 90' lang='lat' dir='ltr'>homini</span> <span class='ocrx_word' id='word_1_90' title='bbox 651 2097 723 2162; x_wconf 87' lang='lat' dir='ltr'>licet</span> <span class='ocrx_word' id='word_1_91' title='bbox 744 2098 837 2173; x_wconf 88' lang='lat' dir='ltr'>scire,</span> <span class='ocrx_word' id='word_1_92' title='bbox 862 2098 949 2161; x_wconf 89' lang='lat' dir='ltr'>Deus</span> <span class='ocrx_word' id='word_1_93' title='bbox 969 2107 1016 2161; x_wconf 91' lang='lat' dir='ltr'>est</span> <span class='ocrx_word' id='word_1_94' title='bbox 1034 2099 1204 2162; x_wconf 81' lang='lat' dir='ltr'>substantia</span> 
     </span>
     <span class='ocr_line' id='line_1_16' title="bbox 205 2184 1240 2281; baseline 0.001 -21"><span class='ocrx_word' id='word_1_95' title='bbox 205 2194 388 2280; x_wconf 78' lang='lat' dir='ltr'>spiritualis,</span> <span class='ocrx_word' id='word_1_96' title='bbox 416 2207 481 2262; x_wconf 87' lang='lat' dir='ltr'>tam</span> <span class='ocrx_word' id='word_1_97' title='bbox 504 2198 718 2263; x_wconf 82' lang='lat' dir='ltr'>inestimabilis</span> <span class='ocrx_word' id='word_1_98' title='bbox 736 2198 986 2281; x_wconf 83' lang='lat' dir='ltr'>pulchritudinis,</span> <span class='ocrx_word' id='word_1_99' title='bbox 1006 2206 1070 2263; x_wconf 85' lang='lat' dir='ltr'>tam</span> <span class='ocrx_word' id='word_1_100' title='bbox 1095 2198 1204 2262; x_wconf 44' lang='lat' dir='ltr'>ineffam</span> <span class='ocrx_word' id='word_1_101' title='bbox 1236 2184 1240 2192; x_wconf 41' lang='lat'><strong>¹</strong></span> 
     </span>
     <span class='ocr_line' id='line_1_17' title="bbox 205 2295 1202 2382; baseline 0.003 -22"><span class='ocrx_word' id='word_1_102' title='bbox 205 2296 275 2360; x_wconf 91' lang='lat' dir='ltr'>bilis</span> <span class='ocrx_word' id='word_1_103' title='bbox 290 2297 467 2373; x_wconf 84' lang='lat' dir='ltr'>suavitatis,</span> <span class='ocrx_word' id='word_1_104' title='bbox 484 2304 519 2361; x_wconf 90' lang='lat' dir='ltr'>ut</span> <span class='ocrx_word' id='word_1_105' title='bbox 532 2297 663 2382; x_wconf 83' lang='lat' dir='ltr'>Angeli,</span> <span class='ocrx_word' id='word_1_106' title='bbox 679 2297 731 2381; x_wconf 91' lang='lat' dir='ltr'>qui</span> <span class='ocrx_word' id='word_1_107' title='bbox 741 2295 887 2381; x_wconf 56' lang='lat' dir='ltr'>&#39;septuplo</span> <span class='ocrx_word' id='word_1_108' title='bbox 901 2298 994 2361; x_wconf 89' lang='lat' dir='ltr'>solem</span> <span class='ocrx_word' id='word_1_109' title='bbox 1009 2319 1065 2362; x_wconf 86' lang='lat' dir='ltr'>sua</span> <span class='ocrx_word' id='word_1_110' title='bbox 1080 2299 1202 2363; x_wconf 84' lang='lat' dir='ltr'>vineunt</span> 
     </span>
     <span class='ocr_line' id='line_1_18' title="bbox 205 2396 1206 2482; baseline 0.001 -22"><span class='ocrx_word' id='word_1_111' title='bbox 205 2396 443 2479; x_wconf 84' lang='lat' dir='ltr'>pulchritudine,</span> <span class='ocrx_word' id='word_1_112' title='bbox 464 2396 580 2482; x_wconf 86' lang='lat' dir='ltr'>jugiter</span> <span class='ocrx_word' id='word_1_113' title='bbox 593 2397 768 2462; x_wconf 90' lang='lat' dir='ltr'>desiderent</span> <span class='ocrx_word' id='word_1_114' title='bbox 782 2398 814 2460; x_wconf 91' lang='lat' dir='ltr'>in</span> <span class='ocrx_word' id='word_1_115' title='bbox 829 2419 899 2461; x_wconf 90' lang='lat' dir='ltr'>eum</span> <span class='ocrx_word' id='word_1_116' title='bbox 912 2397 1122 2464; x_wconf 84' lang='lat' dir='ltr'>insatiabiliter</span> <span class='ocrx_word' id='word_1_117' title='bbox 1136 2419 1206 2482; x_wconf 83' lang='lat' dir='ltr'>pro</span> 
     </span>
     <span class='ocr_line' id='line_1_19' title="bbox 205 2515 331 2578; baseline 0.016 -21"><span class='ocrx_word' id='word_1_118' title='bbox 205 2515 331 2578; x_wconf 86' lang='lat' dir='ltr'>sprcere.</span> 
     </span>
    </p>

    <p class='ocr_par' dir='ltr' id='par_1_9' title="bbox 206 2595 1207 3279">
     <span class='ocr_line' id='line_1_20' title="bbox 250 2595 1206 2682; baseline 0.004 -24"><span class='ocrx_word' id='word_1_119' title='bbox 250 2595 293 2658; x_wconf 90' lang='lat' dir='ltr'>D.</span> <span class='ocrx_word' id='word_1_120' title='bbox 311 2596 472 2674; x_wconf 79' lang='lat' dir='ltr'>Quomodo</span> <span class='ocrx_word' id='word_1_121' title='bbox 486 2597 663 2682; x_wconf 86' lang='lat' dir='ltr'>intelligitur</span> <span class='ocrx_word' id='word_1_122' title='bbox 675 2598 812 2661; x_wconf 83' lang='lat' dir='ltr'>Trinitas</span> <span class='ocrx_word' id='word_1_123' title='bbox 823 2619 901 2662; x_wconf 89' lang='lat' dir='ltr'>unus</span> <span class='ocrx_word' id='word_1_124' title='bbox 914 2599 1016 2663; x_wconf 79' lang='lat' dir='ltr'>Deusl</span> <span class='ocrx_word' id='word_1_125' title='bbox 1033 2636 1072 2648; x_wconf 94' lang='lat'>—</span> <span class='ocrx_word' id='word_1_126' title='bbox 1086 2599 1131 2662; x_wconf 89' lang='lat' dir='ltr'>M.</span> <span class='ocrx_word' id='word_1_127' title='bbox 1146 2599 1206 2662; x_wconf 87' lang='lat' dir='ltr'>As·</span> 
     </span>
     <span class='ocr_line' id='line_1_21' title="bbox 207 2694 1201 2782; baseline 0.003 -24"><span class='ocrx_word' id='word_1_128' title='bbox 207 2694 275 2778; x_wconf 92' lang='lat' dir='ltr'>pice</span> <span class='ocrx_word' id='word_1_129' title='bbox 293 2696 406 2770; x_wconf 87' lang='lat' dir='ltr'>solem,</span> <span class='ocrx_word' id='word_1_130' title='bbox 432 2696 466 2758; x_wconf 90' lang='lat' dir='ltr'>in</span> <span class='ocrx_word' id='word_1_131' title='bbox 486 2718 546 2780; x_wconf 93' lang='lat' dir='ltr'>quo</span> <span class='ocrx_word' id='word_1_132' title='bbox 567 2706 639 2761; x_wconf 90' lang='lat' dir='ltr'>sunt</span> <span class='ocrx_word' id='word_1_133' title='bbox 658 2697 732 2771; x_wconf 88' lang='lat' dir='ltr'>tria;</span> <span class='ocrx_word' id='word_1_134' title='bbox 760 2697 889 2774; x_wconf 90' lang='lat' dir='ltr'>scilieet,</span> <span class='ocrx_word' id='word_1_135' title='bbox 908 2698 998 2782; x_wconf 88' lang='lat' dir='ltr'>ignea</span> <span class='ocrx_word' id='word_1_136' title='bbox 1015 2698 1201 2772; x_wconf 83' lang='lat' dir='ltr'>substantia,</span> 
     </span>
     <span class='ocr_line' id='line_1_22' title="bbox 206 2794 1204 2881; baseline 0.003 -24"><span class='ocrx_word' id='word_1_137' title='bbox 206 2794 358 2877; x_wconf 86' lang='lat' dir='ltr'>splendor,</span> <span class='ocrx_word' id='word_1_138' title='bbox 376 2804 408 2860; x_wconf 89' lang='lat' dir='ltr'>et</span> <span class='ocrx_word' id='word_1_139' title='bbox 422 2798 503 2861; x_wconf 89' lang='lat' dir='ltr'>calor</span> <span class='ocrx_word' id='word_1_140' title='bbox 517 2819 526 2860; x_wconf 75' lang='grc' dir='ltr'><strong>ι</strong></span> <span class='ocrx_word' id='word_1_141' title='bbox 543 2818 611 2880; x_wconf 90' lang='lat' dir='ltr'>quae</span> <span class='ocrx_word' id='word_1_142' title='bbox 622 2797 653 2861; x_wconf 94' lang='lat' dir='ltr'>in</span> <span class='ocrx_word' id='word_1_143' title='bbox 666 2806 786 2862; x_wconf 89' lang='lat' dir='ltr'>tanturn</span> <span class='ocrx_word' id='word_1_144' title='bbox 798 2804 871 2862; x_wconf 93' lang='lat' dir='ltr'>sunt</span> <span class='ocrx_word' id='word_1_145' title='bbox 883 2797 1109 2881; x_wconf 84' lang='lat' dir='ltr'>inseparabilia,</span> <span class='ocrx_word' id='word_1_146' title='bbox 1128 2804 1164 2860; x_wconf 91' lang='lat' dir='ltr'>ut</span> <span class='ocrx_word' id='word_1_147' title='bbox 1178 2798 1204 2860; x_wconf 89' lang='lat' dir='ltr'>si</span> 
     </span>
     <span class='ocr_line' id='line_1_23' title="bbox 207 2894 1205 2983; baseline 0.003 -26"><span class='ocrx_word' id='word_1_148' title='bbox 207 2894 284 2958; x_wconf 88' lang='lat' dir='ltr'>velis</span> <span class='ocrx_word' id='word_1_149' title='bbox 295 2895 366 2959; x_wconf 90' lang='lat' dir='ltr'>inde</span> <span class='ocrx_word' id='word_1_150' title='bbox 381 2897 574 2980; x_wconf 90' lang='lat' dir='ltr'>splendorem</span> <span class='ocrx_word' id='word_1_151' title='bbox 593 2918 766 2983; x_wconf 86' lang='lat' dir='ltr'>segregare,</span> <span class='ocrx_word' id='word_1_152' title='bbox 783 2897 887 2980; x_wconf 83' lang='lat' dir='ltr'>prives</span> <span class='ocrx_word' id='word_1_153' title='bbox 906 2898 1053 2960; x_wconf 91' lang='lat' dir='ltr'>mundum</span> <span class='ocrx_word' id='word_1_154' title='bbox 1072 2896 1152 2969; x_wconf 90' lang='lat' dir='ltr'>sole;</span> <span class='ocrx_word' id='word_1_155' title='bbox 1174 2904 1205 2960; x_wconf 92' lang='lat' dir='ltr'>et</span> 
     </span>
     <span class='ocr_line' id='line_1_24' title="bbox 209 2994 1207 3088; baseline 0 -30"><span class='ocrx_word' id='word_1_156' title='bbox 209 2994 235 3058; x_wconf 88' lang='lat' dir='ltr'>si</span> <span class='ocrx_word' id='word_1_157' title='bbox 253 2995 364 3060; x_wconf 86' lang='lat' dir='ltr'>iterum</span> <span class='ocrx_word' id='word_1_158' title='bbox 382 2996 514 3061; x_wconf 89' lang='lat' dir='ltr'>calorem</span> <span class='ocrx_word' id='word_1_159' title='bbox 529 3004 630 3062; x_wconf 85' lang='lat' dir='ltr'>tentes</span> <span class='ocrx_word' id='word_1_160' title='bbox 650 2999 825 3088; x_wconf 64' lang='lat' dir='ltr'>sejungere3</span> <span class='ocrx_word' id='word_1_161' title='bbox 846 3017 951 3060; x_wconf 86' lang='lat' dir='ltr'>careas</span> <span class='ocrx_word' id='word_1_162' title='bbox 964 2995 1039 3059; x_wconf 90' lang='lat' dir='ltr'>sole.</span> <span class='ocrx_word' id='word_1_163' title='bbox 1062 2996 1097 3060; x_wconf 92' lang='lat' dir='ltr'>Irr</span> <span class='ocrx_word' id='word_1_164' title='bbox 1116 2996 1207 3080; x_wconf 84' lang='lat' dir='ltr'>ignea</span> 
     </span>
     <span class='ocr_line' id='line_1_25' title="bbox 208 3093 1205 3182; baseline 0.001 -26"><span class='ocrx_word' id='word_1_165' title='bbox 208 3093 301 3178; x_wconf 87' lang='lat' dir='ltr'>igitur</span> <span class='ocrx_word' id='word_1_166' title='bbox 317 3095 490 3161; x_wconf 85' lang='lat' dir='ltr'>substantie</span> <span class='ocrx_word' id='word_1_167' title='bbox 502 3096 637 3182; x_wconf 88' lang='lat' dir='ltr'>intellige</span> <span class='ocrx_word' id='word_1_168' title='bbox 652 3097 791 3172; x_wconf 86' lang='lat' dir='ltr'>Patrem,</span> <span class='ocrx_word' id='word_1_169' title='bbox 809 3096 840 3158; x_wconf 93' lang='lat' dir='ltr'>in</span> <span class='ocrx_word' id='word_1_170' title='bbox 855 3095 1017 3179; x_wconf 89' lang='lat' dir='ltr'>splendore</span> <span class='ocrx_word' id='word_1_171' title='bbox 1031 3095 1156 3166; x_wconf 89' lang='lat' dir='ltr'>Filium,</span> <span class='ocrx_word' id='word_1_172' title='bbox 1174 3095 1205 3157; x_wconf 94' lang='lat' dir='ltr'>in</span> 
     </span>
     <span class='ocr_line' id='line_1_26' title="bbox 210 3193 638 3279; baseline 0.002 -22"><span class='ocrx_word' id='word_1_173' title='bbox 210 3193 309 3258; x_wconf 83' lang='lat' dir='ltr'>calore</span> <span class='ocrx_word' id='word_1_174' title='bbox 323 3195 473 3279; x_wconf 87' lang='lat' dir='ltr'>Spiritum</span> <span class='ocrx_word' id='word_1_175' title='bbox 489 3204 576 3262; x_wconf 88' lang='lat' dir='ltr'>sanct</span> <span class='ocrx_word' id='word_1_176' title='bbox 632 3246 638 3258; x_wconf 92' lang='lat'><strong>.</strong></span> 
     </span>
    </p>
   </div>
   <div class='ocr_carea' id='block_1_8' title="bbox 208 3490 1207 4375">
    <p class='ocr_par' dir='ltr' id='par_1_10' title="bbox 252 3490 1118 3579">
     <span class='ocr_line' id='line_1_27' title="bbox 252 3490 1118 3579; baseline 0 -26"><span class='ocrx_word' id='word_1_177' title='bbox 252 3490 284 3553; x_wconf 78' lang='lat'>2.</span> <span class='ocrx_word' id='word_1_178' title='bbox 302 3492 351 3554; x_wconf 89' lang='lat' dir='ltr'>De</span> <span class='ocrx_word' id='word_1_179' title='bbox 364 3492 542 3555; x_wconf 80' lang='lat' dir='ltr'>nominibus</span> <span class='ocrx_word' id='word_1_180' title='bbox 553 3493 679 3570; x_wconf 78' lang='lat' dir='ltr'>Patris,</span> <span class='ocrx_word' id='word_1_181' title='bbox 697 3490 789 3572; x_wconf 81' lang='lat' dir='ltr'>Filii,</span> <span class='ocrx_word' id='word_1_182' title='bbox 804 3506 835 3556; x_wconf 87' lang='lat' dir='ltr'>et</span> <span class='ocrx_word' id='word_1_183' title='bbox 848 3493 990 3579; x_wconf 73' lang='lat' dir='ltr'>Spiritus</span> <span class='ocrx_word' id='word_1_184' title='bbox 1002 3498 1118 3554; x_wconf 80' lang='lat' dir='ltr'>suncti.</span> 
     </span>
    </p>

    <p class='ocr_par' dir='ltr' id='par_1_11' title="bbox 208 3589 1207 3871">
     <span class='ocr_line' id='line_1_28' title="bbox 252 3589 1207 3677; baseline 0 -23"><span class='ocrx_word' id='word_1_185' title='bbox 252 3591 293 3654; x_wconf 92' lang='lat' dir='ltr'>D.</span> <span class='ocrx_word' id='word_1_186' title='bbox 320 3592 423 3670; x_wconf 86' lang='lat' dir='ltr'>Quare</span> <span class='ocrx_word' id='word_1_187' title='bbox 438 3600 565 3657; x_wconf 88' lang='lat' dir='ltr'>vocatur</span> <span class='ocrx_word' id='word_1_188' title='bbox 581 3592 694 3657; x_wconf 80' lang='lat' dir='ltr'>Paterl</span> <span class='ocrx_word' id='word_1_189' title='bbox 716 3629 756 3642; x_wconf 93' lang='lat'><em>-</em></span> <span class='ocrx_word' id='word_1_190' title='bbox 772 3594 819 3658; x_wconf 91' lang='lat' dir='ltr'>M.</span> <span class='ocrx_word' id='word_1_191' title='bbox 842 3593 922 3672; x_wconf 87' lang='lat' dir='ltr'>Quia</span> <span class='ocrx_word' id='word_1_192' title='bbox 942 3593 1007 3677; x_wconf 90' lang='lat' dir='ltr'>ipse</span> <span class='ocrx_word' id='word_1_193' title='bbox 1025 3598 1072 3655; x_wconf 90' lang='lat' dir='ltr'>est</span> <span class='ocrx_word' id='word_1_194' title='bbox 1090 3589 1158 3654; x_wconf 86' lang='lat' dir='ltr'>fons</span> <span class='ocrx_word' id='word_1_195' title='bbox 1174 3597 1207 3654; x_wconf 88' lang='lat' dir='ltr'>et</span> 
     </span>
     <span class='ocr_line' id='line_1_29' title="bbox 209 3690 1204 3780; baseline 0.002 -28"><span class='ocrx_word' id='word_1_196' title='bbox 209 3690 311 3774; x_wconf 87' lang='lat' dir='ltr'>origo,</span> <span class='ocrx_word' id='word_1_197' title='bbox 330 3713 424 3775; x_wconf 89' lang='lat' dir='ltr'>aquo</span> <span class='ocrx_word' id='word_1_198' title='bbox 438 3693 540 3756; x_wconf 89' lang='lat' dir='ltr'>omnia</span> <span class='ocrx_word' id='word_1_199' title='bbox 559 3694 743 3775; x_wconf 86' lang='lat' dir='ltr'>procedunt,</span> <span class='ocrx_word' id='word_1_200' title='bbox 766 3696 852 3780; x_wconf 87' lang='lat' dir='ltr'>cujus</span> <span class='ocrx_word' id='word_1_201' title='bbox 866 3692 1016 3777; x_wconf 89' lang='lat' dir='ltr'>sapientia</span> <span class='ocrx_word' id='word_1_202' title='bbox 1033 3690 1130 3755; x_wconf 87' lang='lat' dir='ltr'>Filius</span> <span class='ocrx_word' id='word_1_203' title='bbox 1148 3713 1204 3774; x_wconf 90' lang='lat' dir='ltr'>ap-</span> 
     </span>
     <span class='ocr_line' id='line_1_30' title="bbox 208 3789 350 3871; baseline 0.028 -20"><span class='ocrx_word' id='word_1_204' title='bbox 208 3789 350 3871; x_wconf 87' lang='lat' dir='ltr'>pellatur.</span> 
     </span>
    </p>

    <p class='ocr_par' dir='ltr' id='par_1_12' title="bbox 208 3889 1207 4174">
     <span class='ocr_line' id='line_1_31' title="bbox 253 3889 1206 3977; baseline -0.001 -25"><span class='ocrx_word' id='word_1_205' title='bbox 253 3889 294 3952; x_wconf 92' lang='lat' dir='ltr'>D.</span> <span class='ocrx_word' id='word_1_206' title='bbox 322 3891 425 3970; x_wconf 81' lang='lat' dir='ltr'>Quare</span> <span class='ocrx_word' id='word_1_207' title='bbox 440 3891 550 3956; x_wconf 82' lang='lat' dir='ltr'>Filiusl</span> <span class='ocrx_word' id='word_1_208' title='bbox 569 3927 612 3940; x_wconf 88' lang='lat'><em>-</em></span> <span class='ocrx_word' id='word_1_209' title='bbox 622 3893 668 3957; x_wconf 92' lang='lat' dir='ltr'>M.</span> <span class='ocrx_word' id='word_1_210' title='bbox 684 3891 765 3970; x_wconf 87' lang='lat' dir='ltr'>Quia</span> <span class='ocrx_word' id='word_1_211' title='bbox 780 3900 817 3958; x_wconf 89' lang='lat' dir='ltr'>ut</span> <span class='ocrx_word' id='word_1_212' title='bbox 833 3893 975 3977; x_wconf 88' lang='lat' dir='ltr'>splendor</span> <span class='ocrx_word' id='word_1_213' title='bbox 992 3914 1013 3956; x_wconf 88' lang='lat' dir='ltr'>a</span> <span class='ocrx_word' id='word_1_214' title='bbox 1029 3890 1109 3966; x_wconf 88' lang='lat' dir='ltr'>sole,</span> <span class='ocrx_word' id='word_1_215' title='bbox 1130 3889 1206 3953; x_wconf 87' lang='lat' dir='ltr'>itaa</span> 
     </span>
     <span class='ocr_line' id='line_1_32' title="bbox 208 3989 1207 4076; baseline 0 -24"><span class='ocrx_word' id='word_1_216' title='bbox 208 3989 300 4053; x_wconf 87' lang='lat' dir='ltr'>Patre</span> <span class='ocrx_word' id='word_1_217' title='bbox 320 3999 492 4074; x_wconf 86' lang='lat' dir='ltr'>generetur.</span> <span class='ocrx_word' id='word_1_218' title='bbox 514 3992 684 4056; x_wconf 81' lang='lat' dir='ltr'>Amborum</span> <span class='ocrx_word' id='word_1_219' title='bbox 706 3999 811 4056; x_wconf 88' lang='lat' dir='ltr'>autem</span> <span class='ocrx_word' id='word_1_220' title='bbox 830 4013 916 4057; x_wconf 90' lang='lat' dir='ltr'>amor</span> <span class='ocrx_word' id='word_1_221' title='bbox 934 3991 1069 4076; x_wconf 88' lang='lat' dir='ltr'>Spiritus</span> <span class='ocrx_word' id='word_1_222' title='bbox 1083 3995 1207 4054; x_wconf 88' lang='lat' dir='ltr'>sanctus</span> 
     </span>
     <span class='ocr_line' id='line_1_33' title="bbox 208 4098 409 4174; baseline 0.02 -23"><span class='ocrx_word' id='word_1_223' title='bbox 208 4098 409 4174; x_wconf 90' lang='lat' dir='ltr'>nuncupatur.</span> 
     </span>
    </p>

    <p class='ocr_par' dir='ltr' id='par_1_13' title="bbox 208 4190 1205 4375">
     <span class='ocr_line' id='line_1_34' title="bbox 252 4190 1204 4275; baseline -0.004 -22"><span class='ocrx_word' id='word_1_224' title='bbox 252 4190 295 4253; x_wconf 88' lang='lat' dir='ltr'>D.</span> <span class='ocrx_word' id='word_1_225' title='bbox 319 4190 423 4269; x_wconf 80' lang='lat' dir='ltr'>Quare</span> <span class='ocrx_word' id='word_1_226' title='bbox 446 4191 579 4275; x_wconf 88' lang='lat' dir='ltr'>Spiritus</span> <span class='ocrx_word' id='word_1_227' title='bbox 601 4191 740 4256; x_wconf 84' lang='lat' dir='ltr'>sanctusl</span> <span class='ocrx_word' id='word_1_228' title='bbox 768 4228 810 4240; x_wconf 95' lang='lat'><em>-</em></span> <span class='ocrx_word' id='word_1_229' title='bbox 838 4192 887 4256; x_wconf 90' lang='lat' dir='ltr'>M.</span> <span class='ocrx_word' id='word_1_230' title='bbox 913 4191 994 4270; x_wconf 92' lang='lat' dir='ltr'>Quia</span> <span class='ocrx_word' id='word_1_231' title='bbox 1015 4191 1054 4252; x_wconf 94' lang='lat' dir='ltr'>de</span> <span class='ocrx_word' id='word_1_232' title='bbox 1077 4200 1204 4270; x_wconf 90' lang='lat' dir='ltr'>utroque</span> 
     </span>
     <span class='ocr_line' id='line_1_35' title="bbox 208 4285 1205 4375; baseline -0.002 -25"><span class='ocrx_word' id='word_1_233' title='bbox 208 4289 390 4362; x_wconf 72' lang='lat' dir='ltr'>eternaliter</span> <span class='ocrx_word' id='word_1_234' title='bbox 402 4292 578 4374; x_wconf 83' lang='lat' dir='ltr'>procedens,</span> <span class='ocrx_word' id='word_1_235' title='bbox 598 4292 683 4373; x_wconf 87' lang='lat' dir='ltr'>quasi</span> <span class='ocrx_word' id='word_1_236' title='bbox 698 4294 736 4355; x_wconf 91' lang='lat' dir='ltr'>ab</span> <span class='ocrx_word' id='word_1_237' title='bbox 754 4291 798 4355; x_wconf 89' lang='lat' dir='ltr'>eis</span> <span class='ocrx_word' id='word_1_238' title='bbox 809 4291 951 4375; x_wconf 86' lang='lat' dir='ltr'>spiratur.</span> <span class='ocrx_word' id='word_1_239' title='bbox 971 4289 1026 4352; x_wconf 88' lang='lat' dir='ltr'>llla</span> <span class='ocrx_word' id='word_1_240' title='bbox 1040 4288 1143 4369; x_wconf 89' lang='lat' dir='ltr'>itaque</span> <span class='ocrx_word' id='word_1_241' title='bbox 1158 4285 1205 4350; x_wconf 91' lang='lat' dir='ltr'>vis</span> 
     </span>
    </p>
   </div>
   <div class='ocr_carea' id='block_1_9' title="bbox 0 0 1603 5442">
    <p class='ocr_par' dir='ltr' id='par_1_14' title="bbox 0 0 1603 5442">
     <span class='ocr_line' id='line_1_36' title="bbox 0 0 1603 5442; baseline 0 0"><span class='ocrx_word' id='word_1_242' title='bbox 0 0 1603 5442; x_wconf 95' lang='lat' dir='ltr'> </span> 
     </span>
    </p>
   </div>
  </div>
 </body>
</html>
