3184 5442
551 719 758 761 mucrunmurr
782 719 851 758 srva
874 718 1030 759 urnrocus.
1221 699 1284 761 221

339 862 380 925 D.
407 861 512 925 Potuit
531 861 702 934 ambulare,
725 860 774 921 vel
794 858 892 940 loqui,
911 878 983 919 mox
1001 865 1037 921 ut
1056 865 1146 920 natus
1162 858 1225 921 estl
1246 895 1285 906 -

295 961 340 1024 Μ.
356 961 530 1024 Secundum
544 959 713 1042 potentiam
731 966 894 1038 utrumque
910 956 1032 1040 potuit:
1051 956 1105 1018 sed
1123 957 1285 1020 humanam
1402 987 1405 990 ·

295 1068 436 1124 naturam
450 1081 505 1142 per
519 1058 621 1121 omnia
634 1059 748 1139 absque
762 1063 887 1140 peccato
898 1055 1010 1119 imitari
1021 1056 1128 1119 voluit.

338 1161 381 1224 D.
401 1159 536 1244 Contigit
556 1157 670 1240 aliquid
692 1156 778 1230 miri,
803 1177 839 1219 eo
858 1156 1019 1220 nascentel
1040 1192 1081 1208 -·-
1095 1157 1140 1219 M.
1159 1155 1286 1239 Septem

295 1258 438 1342 specialia
451 1258 605 1321 miracula.

338 1360 381 1422 D.
407 1359 483 1436 Quae
498 1357 619 1420 fuerunt
632 1356 698 1418 illal
712 1392 751 1403 —
763 1357 809 1419 M.
828 1356 925 1420 Stella
936 1356 1025 1419 nimis
1039 1354 1217 1441 praefulgida
1229 1379 1285 1440 ap-

294 1458 404 1541 paruit.
421 1456 559 1522 Circulus
572 1477 692 1528 aureus
706 1456 756 1518 vel
765 1476 944 1539 purpureus
957 1455 1037 1519 circa
1048 1456 1151 1520 Solem
1163 1458 1281 1520 claririt.

294 1558 378 1620 Fons
393 1557 451 1619 olei
466 1558 504 1619 de
519 1565 600 1619 terra
612 1555 719 1637 erupit.
736 1555 804 1617 Pax
820 1555 956 1618 maxima
968 1553 1034 1618 suit.
1054 1556 1222 1621 Universus
1235 1579 1284 1620 or·

294 1656 341 1719 bis
359 1657 398 1719 ad
413 1678 536 1720 censum
553 1663 600 1718 est
621 1655 802 1736 descriptus.
820 1656 976 1717 Numerus
990 1656 1030 1716 ad
1045 1655 1169 1738 triginta
1192 1657 1286 1720 millia

295 1756 467 1831 hominum,
488 1757 539 1838 qui
554 1756 721 1818 Dominum
735 1764 929 1829 recusarunt,
945 1762 993 1818 est
1006 1776 1066 1816 una
1082 1754 1130 1817 die
1144 1757 1261 1820 occisus
1276 1782 1282 1819 :

295 1862 327 1919 et
337 1856 449 1919 animal
460 1857 584 1919 brutum
599 1856 732 1918 locutum
745 1862 802 1917 est.

338 1955 379 2018 D.
406 1955 525 2018 Vellem
536 1956 642 2017 horum
653 1954 816 2040 mysticum
828 1954 942 2016 audire.
962 1989 1000 2001 —
1014 1955 1059 2016 M.
1072 1954 1176 2018 Stellae
1191 1956 1285 2040 signi-

294 2054 386 2117 ficant
397 2063 519 2118 sanctos
534 2077 541 2116 ι
559 2054 658 2117 Stella
670 2054 764 2138 igitur
779 2054 925 2136 praeclara
941 2054 1054 2128 illuxit,
1069 2055 1142 2137 quia
1155 2055 1287 2120 Sanctus

294 2153 475 2226 Sanctorum
487 2154 582 2218 venit.
594 2153 730 2217 Circulos
741 2173 850 2216 aureus
858 2154 907 2215 vel
916 2173 1084 2235 purpureus
1093 2154 1173 2218 circa
1183 2156 1286 2220 Solem

294 2251 393 2327 fulsit;
413 2255 485 2336 quia
499 2255 552 2319 Sol
563 2253 690 2340 justitiae
705 2274 778 2316 auro
793 2274 856 2316 suae
872 2252 1052 2317 Divinitatis
1065 2255 1234 2319 Ecclesiam
1247 2257 1286 2320 il-

294 2354 439 2428 lustrare,
456 2363 486 2418 et
501 2375 635 2437 purpura
652 2374 715 2416 suae
731 2353 880 2436 passionis
901 2373 1043 2416 coronare
1064 2354 1157 2418 venit.
1177 2355 1287 2419 Oleum

294 2452 445 2538 significat
455 2453 705 2517 misericordiam.
716 2454 800 2516 Fons
812 2451 869 2515 olei
878 2453 916 2515 de
928 2462 1010 2516 terra
1020 2450 1122 2529 fiuant,
1137 2456 1209 2538 quia
1219 2454 1287 2520 fons

295 2552 505 2616 misericordiae
518 2553 556 2616 de
570 2552 699 2636 Virgine
710 2551 876 2616 emanavit.
892 2552 958 2614 Pax
970 2551 1077 2636 ingens
1088 2554 1202 2627 extitit,
1215 2556 1287 2638 quia
1349 2625 1352 2631 ,
1425 2564 1428 2569 ’

294 2673 356 2734 pax
367 2673 441 2716 vera
454 2653 484 2714 in
497 2653 585 2716 terris
596 2651 747 2735 apparuit.
763 2651 899 2714 Mundus
910 2652 950 2714 ad
962 2671 1085 2714 censum
1097 2661 1144 2716 est
1156 2655 1287 2737 descrip-
1407 2659 1414 2668 ’

294 2758 344 2814 tus
357 2803 364 2826 ,
377 2752 449 2835 quia
463 2753 503 2816 ad
516 2772 679 2834 supernum
696 2771 824 2835 regnum
838 2750 1000 2813 chrismate
1013 2764 1060 2813 est
1070 2751 1284 2834 praesignatum

294 2850 457 2914 humanum
476 2873 580 2935 genus.
601 2851 661 2929 Qui
680 2849 847 2912 Dominum
870 2857 1065 2922 recusarunt,
1081 2849 1172 2912 occisi
1191 2861 1281 2924 sunt,

294 2950 367 3032 quia
386 2951 437 3033 qui
453 2950 596 3014 dixenmt
612 2974 617 3010 :
645 2980 656 3000 n
670 2949 822 3012 Nolumus
839 2949 920 3012 hunc
933 2968 1061 3032 regnare
1072 2968 1162 3030 super
1176 2970 1248 3022 nos,
1270 2982 1281 3003 ιι

293 3050 504 3133 disperierunt.
525 3051 624 3114 Pecus
648 3050 845 3133 loquebatur,
864 3049 935 3131 quia
955 3048 995 3110 ad
1016 3048 1135 3110 laudem
1153 3049 1213 3112 Dei
1227 3071 1283 3131 po-

293 3151 382 3233 pulus
393 3150 528 3234 gentium
545 3151 786 3213 convertebatur.

338 3452 393 3515 20.
419 3452 468 3513 De
484 3449 613 3534 Magis,
632 3445 763 3532 defuga
782 3443 902 3506 Christi
914 3451 947 3504 in
962 3444 1148 3528 AEgyptum,
1166 3457 1197 3506 et
1211 3444 1284 3507 reli-

294 3577 357 3640 qua
372 3555 438 3638 ejus
450 3559 523 3613 vita
536 3570 633 3636 usque
645 3546 690 3608 ccl
698 3547 905 3631 Baptismum.
949 3536 952 3542 ’

337 3654 380 3717 Ι).
402 3653 504 3730 Quare
511 3648 708 3717 attraxittres
714 3647 824 3729 Magos
830 3643 1093 3708 cummuneribusl
1105 3645 1286 3723 -M.Quia

294 3764 357 3818 tres
371 3759 474 3836 partes
488 3749 609 3824 mundi,
626 3746 741 3810 scilicet
754 3744 880 3819 Asiam,
896 3743 1049 3821 Africam,
1067 3752 1098 3807 et
1110 3744 1282 3828 Europam,

293 3855 352 3917 fide
363 3861 395 3916 et
406 3850 580 3935 operatione
594 3849 633 3911 ad
648 3868 681 3909 se
697 3845 817 3908 trahere
829 3844 935 3907 voluit.

337 3954 378 4017 D.
394 3951 456 4016 Cur
467 3950 565 4033 magis
574 3947 652 4032 fugit
663 3947 695 4009 in
706 3947 896 4030 AEgyptum,
910 3965 1001 4026 quam
1012 3943 1043 4004 in
1052 3943 1142 4006 aliam
1156 3944 1284 4007 terraml

297 4088 335 4101 -
352 4053 396 4115 Μ.
415 4052 460 4115 Ut
475 4051 649 4114 ostenderet
663 4068 696 4110 se
711 4067 818 4110 verum
836 4046 999 4130 Moysem:
1017 4051 1051 4105 ut
1067 4044 1146 4106 sicut
1162 4044 1288 4128 Moyses

293 4152 438 4237 populum
452 4151 512 4215 Dei
531 4151 568 4213 de
583 4150 742 4213 Pharaone
759 4154 788 4209 et
802 4147 944 4230 AEgypto
959 4143 1108 4216 liberam,
1128 4143 1158 4204 in
1174 4150 1285 4205 terram

294 4254 381 4318 duxit
394 4249 601 4335 promissionis
614 4272 620 4320 ;
637 4248 680 4310 ita
693 4247 757 4329 ipse
768 4245 910 4328 populum
924 4244 1055 4306 fidelium
1072 4243 1108 4304 (lc
1124 4241 1242 4303 diabolo
1254 4248 1285 4302 ct
