3184 5442
552 682 759 724 Ertrcrurnron
783 681 851 723 sive
876 681 1033 723 ammone.
1224 661 1291 724 235

294 824 397 888 omnia
413 822 548 886 infideles
568 823 718 898 existunt,
735 830 770 886 ut
787 821 914 886 dicitur:
934 852 947 874 ι
962 823 1108 886 Pastores
1124 821 1169 885 tui
1185 821 1292 884 infide·

294 927 355 1000 les,
377 923 451 988 socii
467 921 565 986 furum
580 946 586 986 :
601 931 769 1006 sequuntur
790 943 933 998 munera,
951 944 1061 987 manus
1077 942 1181 985 eorum
1195 922 1293 1006 plenae

296 1045 413 1109 rapina.
433 1055 446 1077 ι
1002 1094 1006 1099 ,

340 1125 382 1187 D.
407 1123 489 1188 Sunt
519 1121 676 1186 ordinandi
703 1123 893 1187 sacerdotum
922 1121 993 1185 filiit
1015 1157 1059 1169 -
1081 1120 1126 1184 M.
1150 1119 1290 1184 Minime.

296 1224 456 1290 Canonum
472 1223 611 1298 decreta,
643 1230 675 1287 et
698 1233 872 1288 sanctorum
891 1223 1022 1287 Petrum
1041 1221 1293 1304 constitutapro-
1365 1268 1369 1274 .

297 1324 401 1389 bibent
425 1344 479 1387 eos
501 1324 539 1387 ad
561 1344 663 1387 sacros
690 1323 813 1387 ordines
837 1323 999 1399 accedere,
1027 1343 1085 1386 nec
1105 1322 1137 1384 in
1157 1319 1295 1385 Ecclesia

297 1425 432 1509 aliquam
446 1422 653 1507 praelationem
665 1423 793 1500 babere,
809 1423 881 1507 quia
892 1444 930 1486 ex
943 1421 1139 1488 fornicatione
1150 1430 1183 1486 et
1193 1428 1295 1485 trans·

298 1523 453 1610 gressione
466 1533 538 1587 sunt
547 1523 710 1606 procreati.
725 1525 777 1587 Ex
791 1523 930 1609 patribus
948 1523 1028 1587 enim
1045 1522 1205 1587 venenatis
1213 1522 1296 1585 virus

299 1623 408 1689 veneni
422 1622 533 1686 transit
547 1622 579 1684 in
594 1621 681 1687 filios.

343 1725 385 1788 D.
411 1722 581 1787 Probat-
594 1723 641 1786 M.
659 1722 787 1808 Legitur
809 1722 841 1785 in
865 1723 980 1787 Genesi
1002 1724 1085 1807 quod
1106 1724 1194 1787 Deus
1217 1722 1296 1786 Adae

299 1822 443 1906 praecepit
457 1843 496 1886 ne
509 1823 683 1886 comederet
704 1824 743 1886 de
762 1822 845 1909 ligno
863 1810 997 1888 scientiae
1014 1825 1085 1888 boni
1103 1832 1136 1888 et
1151 1823 1223 1887 mali
1238 1846 1245 1885 :
1263 1829 1296 1886 at

301 1923 352 1986 ille
366 1944 424 1986 non
438 1923 478 1988 de
492 1922 587 2008 ligno,
605 1925 660 1987 sed
675 1926 714 1987 de
729 1925 883 1990 interdicti
896 1925 971 2010 ligni
986 1925 1084 1990 fructu
1096 1924 1244 1997 comedit,
1265 1929 1297 1985 et

301 2044 418 2087 veneno
437 2024 688 2109 transgressionis
713 2046 835 2090 omnem
861 2027 1073 2110 posteritatem
1098 2025 1213 2088 infecit.
1235 2023 1297 2088 Hio

301 2122 395 2208 igitur
405 2130 493 2206 pater
508 2123 581 2208 quia
592 2122 708 2188 finctus
723 2125 865 2189 venenati
879 2125 953 2210 ligni
965 2148 1111 2190 aveneno
1122 2125 1297 2190 inobedien-

301 2223 353 2288 tiae
366 2223 510 2288 immunis
523 2245 585 2287 non
598 2223 707 2300 firerit,
732 2226 873 2310 quamvis
892 2224 1024 2291 fructum
1045 2226 1119 2312 ligni
1140 2227 1298 2291 comedere

302 2345 363 2388 non
373 2324 518 2389 vetuerit.

348 2425 389 2488 D.
417 2424 509 2503 Quod
527 2431 575 2487 est
591 2423 710 2509 lignum
731 2454 744 2476 ι
765 2425 899 2490 scientiae
914 2428 987 2491 boni
1005 2434 1037 2492 et
1052 2427 1142 2492 malit
1157 2459 1170 2481 ιι
1189 2463 1232 2476 -
1249 2428 1296 2491 M.

200 2582 202 2591 .
304 2525 445 2591 Scientiae
460 2525 631 2590 divinarum
646 2526 887 2609 Scripturamm,
907 2538 940 2593 et
953 2537 1071 2594 secreta
1086 2529 1299 2614 mysteriorum

304 2630 364 2694 Dei
377 2654 385 2704 ;
404 2632 486 2715 quod
503 2631 654 2715 praecipue
670 2632 745 2716 ipsis
756 2635 1004 2698 commendatum
1019 2642 1085 2709 est,
1109 2642 1145 2698 ut
1166 2634 1297 2698 dicitur:

310 2760 325 2782 ι
341 2731 435 2794 Vobis
451 2733 557 2795 datum
572 2739 620 2795 est
630 2753 720 2795 nosse
732 2733 913 2818 mysterium
922 2734 992 2797 Dei.
1010 2765 1024 2788 ι

351 2833 391 2896 Ι).
419 2832 510 2910 Quod
520 2831 635 2916 lignum
650 2831 739 2894 malit
755 2868 795 2880 —
807 2834 853 2896 M.
876 2833 999 2896 Notitia
1015 2832 1182 2908 saecularia,
1201 2839 1233 2895 et
1247 2833 1301 2895 ab·

304 2934 396 3020 jectio
417 2933 629 2997 mandatorum
647 2934 724 3008 Dei,
744 2942 778 2998 ut
790 2934 918 2998 dicitur:
942 2964 954 2986 ι
974 2933 1057 2998 Male
1070 2932 1170 2998 facere
1184 2932 1299 3005 sciunt3

307 3036 386 3098 bene
399 3042 501 3098 autem
517 3055 686 3118 nunquam.
704 3067 717 3087 ι
738 3035 794 3099 Isti
816 3035 957 3119 quamvis
977 3035 1038 3099 sint
1056 3033 1228 3108 inferiores,
1251 3053 1305 3095 vo-

308 3136 375 3199 lunt
389 3134 485 3198 videri
499 3136 682 3219 superiores
699 3136 851 3200 Ambiunt
873 3136 1018 3204 honores:
1041 3140 1189 3218 appetunt
1206 3132 1305 3216 magis

308 3255 454 3318 praesse,
474 3256 566 3318 quam
585 3229 721 3300 subesse.
742 3236 798 3300 Isti
819 3237 859 3299 ad
875 3256 977 3300 sacros
997 3235 1118 3298 ordines
1133 3234 1306 3315 nullatenus

309 3339 381 3395 sunt
397 3331 606 3414 promovendi.
628 3331 712 3394 lnter
736 3337 863 3396 oaeteros
885 3352 1005 3414 semper
1027 3330 1196 3394 habeantur
1219 3350 1306 3392 vere-

310 3432 415 3505 cundi,
439 3440 471 3496 et
490 3431 628 3518 rejiciant
648 3432 825 3516 poenitendo
848 3453 1016 3507 venenum,
1050 3453 1110 3514 quo
1133 3430 1309 3514 apatribus

311 3539 382 3595 sunt
400 3531 508 3606 illecti,
531 3539 563 3595 et
583 3532 763 3616 resipiscant
789 3533 842 3596 tali
864 3535 979 3617 pudore
1000 3533 1101 3597 caeteri
1122 3533 1304 3596 sacerdotes.

312 3632 355 3696 Hi
377 3632 435 3694 nisi
450 3623 631 3715 resipuerint
653 3633 830 3717 poenitendo
855 3634 1020 3698 secundum
1041 3634 1164 3696 modum
1189 3632 1304 3716 culpae,

313 3733 402 3795 arbor
426 3752 493 3795 curn
521 3732 622 3796 radice
645 3733 897 3797 exterminabitur
922 3733 986 3797 sine
1008 3735 1088 3807 fine,
1112 3739 1147 3796 ut
1170 3731 1303 3796 dicitur:

320 3864 332 3884 ι
349 3829 517 3917 Propterea
536 3832 622 3895 Deus
640 3833 776 3897 destruet
798 3841 829 3897 te
849 3834 881 3897 in
901 3836 991 3898 finem
1005 3886 1012 3910 ,
1027 3833 1059 3896 id
1079 3841 1146 3908 est,
1160 3853 1257 3915 usque
1277 3831 1308 3894 in

276 3962 280 3967 ·
317 3932 423 4006 finem3
439 3939 472 3995 et
488 3931 599 3996 evellet
612 3933 744 3998 radicem
763 3939 846 3997 tunm
860 3935 900 3997 de
915 3941 997 4000 terra
1011 3933 1187 3998 viventium.
1206 3966 1218 3988 ι
