3184 5442
296 713 362 776 206
677 733 707 772 n.
736 731 909 772 uinearum

294 875 388 937 verba
409 873 528 936 illorum
548 871 686 935 sublimis
706 879 817 934 natura
836 868 923 933 nobis
940 868 1125 944 insinnatur,
1146 868 1220 932 dum
1235 869 1291 932 lux

292 980 449 1037 vocantur.

338 1074 381 1137 D.
408 1073 484 1151 Qua
504 1077 552 1134 est
573 1076 684 1133 natura
703 1069 855 1153 angelica!
875 1104 915 1116 -
931 1068 978 1132 M.
1001 1067 1176 1150 Spinuralis
1189 1068 1289 1152 igniS,

294 1180 330 1237 ut
341 1173 450 1237 dieitur
463 1195 469 1233 :
492 1201 504 1222 u
523 1161 584 1249 Qui
599 1168 673 1233 facit
688 1170 827 1253 Angelos
837 1189 910 1232 suos
922 1166 1079 1230 flammam
1094 1167 1222 1252 ignis.»

339 1275 381 1337 D.
407 1271 533 1336 Habent
544 1269 667 1332 nomina
679 1268 807 1353 Angelil
823 1305 863 1317 -
879 1270 927 1332 Μ.
944 1270 1046 1332 Tanta
1058 1267 1187 1331 scientia
1201 1269 1293 1332 estin

294 1373 435 1458 Angelis,
447 1380 551 1434 utnon
563 1370 719 1454 indigeant
729 1369 911 1432 nominibus.
1301 1374 1303 1379 '

339 1475 381 1538 D.
408 1469 566 1549 ΜίοΙιαέί,
587 1469 731 1547 Gabriel,
754 1468 912 1556 Raptae,
931 1490 992 1531 non
1006 1476 1077 1531 sunt
1090 1467 1232 1530 nomina!
1249 1504 1290 1517 -

296 1576 343 1638 M.
367 1572 470 1657 Magis
486 1577 557 1634 sunt
572 1570 754 1655 agnomina;
782 1569 855 1653 quia
876 1570 915 1632 ab
934 1567 1083 1632 accidenti
1102 1574 1175 1630 sunt
1192 1568 1238 1630 eis
1252 1571 1291 1632 ab

296 1674 468 1738 hominibus
482 1670 636 1755 imposita,
651 1691 720 1734 oum
736 1691 774 1733 ea
787 1691 848 1732 non
862 1670 996 1733 habeant
1005 1667 1037 1729 in
1046 1667 1131 1731 ooelis
1141 1668 1266 1751 propria
1280 1693 1286 1730 :

296 1775 377 1837 unde
393 1780 425 1838 et
441 1771 558 1856 primus
571 1770 708 1854 Angelus
718 1771 757 1833 ab
769 1769 919 1834 arridenti
936 1766 1081 1847 sathael,
1100 1767 1132 1830 id
1146 1774 1205 1840 est,
1221 1768 1290 1831 Deo

297 1873 477 1946 contrarius,
490 1892 600 1935 nomen
610 1870 737 1953 accepit.

342 2184 372 2245 7.
400 2182 447 2243 De
463 2203 539 2243 casu
554 2177 672 2242 diaboli
686 2191 717 2242 et
729 2178 900 2242 satellitum
916 2181 995 2264 ejus·

339 2283 381 2345 D.
408 2283 443 2345 ln
461 2302 521 2364 quo
539 2279 596 2344 fuit
609 2280 677 2343 Deo
691 2280 876 2344 oontmriusl
891 2317 935 2328 -
946 2280 993 2343 M.
1019 2278 1098 2344 Cum
1118 2279 1239 2344 videret
1256 2298 1290 2344 se
1369 2284 1373 2291 ’

263 2378 265 2385 ’
296 2400 403 2445 omnes
425 2380 615 2463 Angelorum
648 2380 768 2442 ordines
792 2381 889 2465 gloria
912 2388 944 2444 et
967 2380 1074 2444 decore
1095 2382 1287 2463 praeoellere,

295 2478 406 2563 spretis
415 2479 554 2541 omnibus
564 2477 662 2541 voluit
669 2478 737 2541 Deo
746 2480 883 2562 aequalis
898 2482 960 2544 imo
976 2482 1084 2566 major,
1101 2480 1244 2544 existere.

340 2580 383 2643 D.
408 2578 568 2656 Quomodo
584 2578 692 2662 major,
711 2579 760 2641 vel
776 2581 919 2663 aequalisl
932 2618 972 2629 -
984 2581 1032 2643 M.
1049 2581 1211 2645 Meliorem
1225 2590 1290 2646 sta·

297 2688 373 2752 tum,
391 2699 483 2762 quarn
496 2678 524 2741 ei
535 2678 622 2742 Deus
635 2678 779 2755 dedisset,
796 2681 895 2745 voluit
902 2683 971 2746 Deo
982 2680 1079 2744 invito
1092 2682 1242 2764 arripere,
1259 2693 1293 2745 et

294 2780 361 2845 aliis
373 2800 429 2862 per
443 2778 636 2865 tyrannidem
645 2778 809 2864 imperare.

242 2869 245 2876 ¹
338 2882 381 2945 D.
407 2879 489 2958 Quid
501 2878 589 2943 timot
611 2916 651 2928 -
668 2879 716 2943 M.
740 2880 791 2943 De
810 2879 925 2962 palatio
947 2887 995 2942 est
1011 2880 1190 2963 propulsuS,
1214 2889 1248 2944 et
1261 2882 1293 2944 in

294 3002 445 3046 carcerem
466 2987 616 3053 retrusus;
641 2988 672 3043 et
694 2979 772 3044 siout
789 2980 874 3063 prius
888 2979 1127 3063 pulcherrimus,
1154 2981 1200 3044 ita
1220 2991 1295 3066 post

293 3079 391 3146 fautus
403 3089 451 3146 est
463 3081 642 3166 nigerrimus
655 3105 661 3144 :
675 3080 727 3164 qui
740 3081 825 3164 prius
835 3080 1109 3163 splendidissimus,
1121 3092 1233 3164 postea
1241 3089 1295 3146 te-

293 3181 544 3253 nebrosissimus;
562 3180 613 3264 qui
625 3180 708 3263 prius
719 3179 803 3243 omni
812 3179 925 3243 honore
936 3180 1107 3255 laudabilis
1125 3187 1197 3263 post
1208 3185 1295 3246 omni

295 3281 417 3345 horrore
432 3280 621 3346 execrabilis.

339 3381 382 3444 D.
409 3380 680 3445 Praesoivitoasum
692 3379 801 3443 suuml
820 3415 859 3427 -·
873 3379 920 3443 Μ.
938 3379 1077 3444 Minime.
1142 3384 1145 3387 ’

339 3481 382 3542 D.
409 3480 563 3558 Quamdiu
578 3480 690 3543 mansit
704 3481 735 3541 in
747 3479 839 3544 ooelol
853 3516 893 3528 -
906 3480 953 3543 M.
966 3480 1037 3543 Non
1049 3479 1170 3564 plenam
1184 3478 1296 3543 horam

297 3577 328 3640 in
341 3577 470 3642 veritate
485 3580 571 3642 stetit
584 3602 590 3650 ;
608 3578 680 3661 quia
692 3600 765 3641 rnox
778 3588 814 3643 ut
826 3587 946 3643 oreatus
954 3586 1013 3653 est,
1025 3579 1146 3643 cecidit.

228 3709 233 3722 ·
338 3676 381 3739 D.
409 3677 512 3755 Quare
522 3676 636 3740 diutius
649 3676 691 3739 ibi
701 3699 762 3741 non
773 3678 848 3742 fuit!
869 3715 908 3727 -
926 3678 972 3742 M.
997 3679 1048 3742 Ne
1064 3677 1232 3761 aliquidde
1245 3679 1297 3742 in-
1342 3670 1347 3676 ’

298 3784 386 3841 terna
395 3776 551 3841 dulcedine
563 3784 712 3863 gustaret,
734 3778 786 3861 qui
800 3786 865 3841 tam
881 3786 1001 3843 mature
1019 3779 1076 3841 sibi
1092 3785 1212 3842 tantam
1224 3799 1296 3843 ma-

294 3877 438 3961 jestatem
454 3885 623 3963 usurparet.

338 3977 379 4041 D.
407 3978 490 4056 Quid
505 3977 556 4041 alii
570 3980 789 4063 peccaveruntl
804 4015 848 4027 -
860 3981 906 4044 M.
925 3981 1006 4059 Quia
1020 3980 1049 4044 ei
1060 3988 1291 4045 consenserunt.

339 4077 382 4140 D.
409 4076 564 4155 Qualiter!
577 4084 620 4127 ‘—
630 4078 676 4143 Μ.
688 4079 809 4143 Placuit
820 4079 864 4142 eis
873 4080 939 4166 ejus
948 4078 1142 4151 extollentia;
1161 4086 1193 4141 et
1203 4088 1295 4145 erant

291 4177 469 4263 ,cogitantes
482 4177 554 4261 quia
569 4179 596 4242 si
612 4181 681 4244 Deo
698 4179 922 4263 praevaluisset,
939 4180 998 4264 ipsi
1013 4179 1065 4243 alii
1080 4177 1296 4263 praeferrentur

297 4277 488 4365 inpotentia.
