3184 5442
494 724 612 765 ncesse
637 725 669 766 in
694 724 741 766 nn.
769 725 810 766 nu
833 724 940 767 annas.
1150 705 1215 768 103

642 1081 712 1126 CAP.
739 1082 782 1125 lV.

268 1280 371 1345 Unam
383 1302 498 1366 corpus
507 1291 538 1342 ct
549 1285 777 1364 uicusspiritus.
789 1277 802 1364 ]
814 1279 919 1343 Unum
931 1281 1052 1348 habetis
1063 1285 1213 1368 spiritum,

221 1381 301 1446 sicut
316 1380 391 1445 estis
401 1399 496 1444 unum
507 1393 628 1461 corpus,
642 1385 680 1442 ut
691 1399 752 1441 non
761 1378 830 1442 sitis
843 1379 1038 1447 schismatici.
1067 1420 1106 1432 —
1131 1386 1218 1449 Data

220 1492 270 1543 est
283 1483 392 1566 gratia
414 1477 587 1542 secundnm
603 1471 795 1553 mensuram,
812 1490 873 1542 etc.
895 1477 907 1565 ]
923 1480 1072 1559 Quamvis
1086 1505 1164 1548 uuus
1177 1485 1218 1550 sit

220 1580 357 1664 spiritus,
380 1579 503 1643 diversa
517 1584 590 1642 sunt
609 1567 690 1640 dona
710 1577 815 1660 ipsius.
829 1579 872 1642 Et
891 1579 950 1644 hoc
963 1588 1012 1644 est
1027 1583 1110 1666 quod
1121 1574 1213 1650 dicit:

223 1679 309 1742 Data
319 1691 368 1742 est
379 1684 487 1766 gratia
497 1676 669 1740 secundum
678 1700 870 1752 mensuram,
882 1678 914 1741 id
929 1689 988 1756 est,
1002 1681 1130 1746 diversae
1143 1705 1152 1746 ι
1166 1684 1218 1748 alii

222 1781 291 1851 hoc.
308 1779 360 1843 alii
379 1779 535 1854 illud;·alii
553 1779 634 1863 plus,
651 1777 703 1841 alii
723 1777 833 1840 minus.
853 1778 944 1856 Quod
958 1781 1042 1862 prius
1056 1782 1095 1844 ab
1117 1780 1217 1847 aucto·

222 1882 326 1954 ritate,
340 1887 449 1963 postea
463 1879 574 1962 probat
588 1898 608 1940 a
620 1877 771 1962 partibus·
800 1913 840 1926 -
869 1875 965 1962 Quod
981 1891 1084 1941 autem
1105 1902 1218 1943 ascen-

222 1978 282 2041 dit.
298 1977 436 2063 ]Probat
449 1978 488 2041 de
509 1977 632 2041 Christo
653 1975 840 2059 superiorem
858 1997 982 2040 versum
996 1998 1063 2041 esse
1074 1978 1189 2044 dictum
1207 2004 1214 2042 :

222 2076 289 2160 ipse
299 2075 380 2140 cuim
391 2076 529 2140 ascendit
540 2076 571 2138 in
582 2075 703 2150 coelum,
716 2075 795 2138 etde
809 2075 885 2139 coelc
901 2076 1065 2141 descendit.
1091 2114 1131 2126 —
1154 2079 1219 2141 Im-

217 2175 324 2262 plerct
340 2185 458 2239 omnia.
476 2174 489 2262 ]
511 2176 547 2241 Id
567 2182 625 2250 cst,
644 2196 750 2238 omnes
763 2175 883 2239 Gentes
904 2176 1023 2240 cultura
1039 2177 1153 2252 divina,
1168 2180 1219 2242 vel

223 2274 325 2339 omnia
338 2295 407 2358 quae
425 2276 463 2338 de
478 2295 515 2338 eo
533 2273 679 2358 praedicta
688 2280 786 2336 crant.
813 2309 857 2321 -
878 2275 972 2337 Alios
984 2289 1088 2338 autem
1103 2277 1219 2340 Pasto-

222 2396 284 2438 res.
304 2372 317 2460 ]
332 2375 463 2457 Propter
480 2375 538 2437 hoc
553 2373 693 2449 Christus
708 2373 838 2437 diversis
852 2373 973 2438 diversa
994 2375 1089 2450 dedit,
1107 2383 1142 2440 ut
1157 2397 1219 2460 per·

222 2472 302 2538 lecte
316 2473 454 2558 quisquis
469 2471 603 2538 exerceii
620 2471 718 2556 possit
731 2472 763 2535 in
782 2474 860 2557 opus
871 2473 1031 2538 ministerii
1039 2478 1121 2559 quod
1136 2498 1220 2541 accc·

223 2573 279 2657 pit.
293 2573 330 2638 Si
339 2574 421 2637 enim
430 2593 508 2636 unus
519 2572 687 2657 accepisset
697 2572 811 2645 omnia,
826 2594 886 2636 non
897 2573 1031 2658 perfecte
1042 2576 1147 2660 posset
1157 2597 1217 2640 va-

222 2694 293 2745 care
306 2673 347 2737 ad
361 2673 490 2758 singula.
507 2672 589 2751 Quid
600 2679 703 2737 autem
717 2672 757 2736 sit
771 2693 849 2757 opus
861 2673 1018 2738 ministerii
1031 2686 1215 2744 sanctorum.

224 2774 334 2857 quibus
350 2772 522 2856 spirituales
536 2771 677 2857 g'iatiaea
694 2771 818 2836 Christo
832 2773 949 2837 collatae
967 2782 1049 2850 sunt,
1064 2775 1220 2861 subjungit

223 2873 328 2939 dicens
342 2872 402 2935 :In
419 2872 664 2956 oedficationcm
684 2879 828 2958 corporis
848 2871 969 2936 Christi
973 2895 986 2953 ;
1001 2874 1041 2938 ad
1056 2875 1114 2938 hoc
1139 2876 1219 2938 enim

223 2970 394 3057 spiritualia
413 2972 599 3037 charismata
620 2972 730 3036 dantur
747 2972 819 3046 illis,
842 2979 877 3037 ut
895 2993 1005 3057 corpus
1027 2967 1152 3047 Christi,
1170 2975 1220 3038 vel

223 3073 568 3138 Eoelasiam‘aedifieent.
594 3109 634 3123 -
654 3074 763 3135 Donec
785 3095 997 3136 occurramus.
1009 3072 1021 3159 ]
1033 3072 1130 3136 Ordo.
1158 3073 1222 3135 Do-

223 3192 280 3238 nec
290 3192 348 3237 nos
359 3192 465 3239 omnes
479 3173 511 3236 in
522 3172 671 3237 unitatem
684 3170 766 3247 fidei,
782 3178 815 3235 et
830 3171 1017 3257 agnitionem
1031 3169 1101 3234 Filii
1114 3169 1174 3233 Dei
1189 3169 1219 3233 in

224 3271 281 3336 hoc
301 3271 413 3336 saeculo
429 3271 641 3345 subsistentes,
658 3290 853 3336 occurramus
874 3271 905 3334 in
923 3270 1023 3334 virum
1036 3268 1217 3355 perlectum,

222 3370 305 3436 diam
328 3370 434 3457 judicii
463 3370 634 3456 siguificat,
664 3391 725 3454 quo
752 3390 858 3434 omnes
889 3369 942 3454 qui
966 3391 1047 3434 nunc
1076 3368 1221 3432 habemus

125 3478 130 3487 '
222 3490 315 3535 unam
329 3471 434 3545 iidem,
451 3478 484 3534 et
497 3491 590 3534 unam
612 3471 799 3556 agnitionem
812 3470 882 3536 Filii
900 3470 971 3547 Dei,
989 3469 1034 3535 sic
1045 3491 1082 3534 ex
1093 3467 1222 3532 diversis

223 3567 363 3654 panutius
376 3569 481 3634 mundi
489 3590 682 3635 occurremus
692 3570 823 3634 invicem
835 3594 843 3644 ;
854 3577 891 3634 ut
900 3569 1108 3654 unusquisque
1122 3567 1163 3632 sit
1173 3567 1221 3631 vic

223 3667 386 3754 perlectus,
400 3668 517 3733 habens
531 3690 599 3734 eam
610 3677 733 3734 aetatcm
749 3688 812 3752 qua
825 3668 965 3734 Christus
978 3670 1017 3733 de
1036 3668 1094 3732 hoc
1112 3666 1221 3731 saeculo

223 3767 354 3844 nmsm,
369 3776 402 3833 et
415 3767 581 3832 resurrexit
593 3791 600 3830 :
620 3769 677 3833 hcc
691 3774 739 3832 est
749 3769 831 3852 quad
842 3768 915 3833 dicit
924 3770 955 3832 in
970 3788 1143 3832 mensuram
1149 3766 1222 3830 aeia-

222 3866 263 3931 tis
276 3867 472 3950 plenitudinis
486 3868 617 3942 chrisis
632 3868 663 3932 id
678 3876 737 3944 est,
749 3868 782 3931 in
796 3887 858 3951 qua
867 3874 958 3933 aetate
967 3867 1107 3932 Christus
1119 3865 1221 3951 pleni-

223 3967 360 4032 tudinem
372 3988 519 4032 anncrnm
531 3976 564 4032 et
577 3968 712 4053 corporis
726 3969 842 4033 habuit.
855 3969 964 4034 Potest
978 3967 1105 4052 intelligi
1117 3988 1221 4031 occur·
1270 4019 1274 4025 .

223 4087 311 4130 suros
320 4089 376 4130 nos
390 4068 422 4131 in
436 4069 535 4132 virum
552 4068 731 4151 perfectum,
744 4082 779 4132 ut
789 4089 896 4132 omnes
905 4069 1000 4132 simin
1013 4066 1221 4151 unusvirper·

224 4165 334 4242 lectus,
356 4167 463 4245 idest,
479 4190 543 4232 una
556 4169 706 4248 Ecclesia,
722 4169 770 4232 cni
783 4168 859 4231 nihil
876 4169 967 4244 desit,
984 4176 1016 4232 et
1030 4167 1078 4233 cui
1096 4166 1169 4229 nihil
1181 4165 1222 4228 sit

225 4276 333 4350 postea
355 4270 538 4335 addendum.
566 4307 609 4319 -
632 4271 672 4333 In
693 4292 872 4334 incensurum
891 4278 997 4333 neentis
1010 4265 1221 4355 plenitudinis
