3184 5442
508 672 625 714 cnossm
649 672 683 714 la
708 673 759 714 nr.
784 673 826 713 nn
848 671 976 715 umora.
1178 651 1241 713 12⁶3

245 811 304 877 cito
327 819 397 875 sunt
417 813 618 894 imponendae,
642 813 794 887 Judiaium
820 821 923 876 autem
944 819 1035 879 vocat
1054 811 1237 883 Concilium,

242 912 412 997 Synodum,
428 933 482 975 seu
491 911 623 995 aliquem
637 912 748 985 locum,
767 912 798 973 in
813 932 872 993 quo
884 914 920 974 fit
930 910 1076 973 discussio
1092 931 1236 994 persona-

243 1032 330 1075 rum:
353 1012 579 1096 Quorumdam,
604 1013 713 1096 inquit,
739 1012 899 1075 bominum
914 1023 1053 1097 peccato
1071 1018 1116 1072 ito
1133 1019 1236 1072 neani-

239 1111 328 1198 festa
346 1125 429 1186 sunt,
453 1121 487 1176 ut
508 1133 613 1176 eorum
633 1111 716 1174 sama
729 1112 778 1175 vel
793 1111 903 1174 notitia
912 1112 1002 1194 prius
1020 1110 1177 1193 perveniat
1196 1111 1237 1173 ad

238 1211 402 1297 judicium,
421 1234 514 1296 quam
530 1212 589 1296 ipsi
604 1211 733 1275 infames
751 1213 801 1296 qui
820 1213 945 1275 veniant
965 1212 1004 1274 ad
1023 1211 1232 1273 ordinandum.

244 1311 400 1389 Quosdam
421 1320 524 1376 autem
547 1322 673 1396 peccata
695 1333 750 1374 sua
770 1314 810 1375 ad
827 1311 975 1397 judicium
993 1311 1234 1392 subsequuntur;

242 1411 315 1494 quia
334 1419 406 1474 tunc
427 1412 558 1495 primum
579 1413 826 1488 manifestantur,
856 1432 923 1476 cum
950 1408 1108 1473 ordinandi
1136 1408 1237 1471 discu-

243 1508 370 1573 tiuntur.
399 1546 439 1557 -
463 1511 571 1573 Aliter
594 1533 629 1572 se
652 1508 800 1596 habena]
825 1510 874 1573 De
901 1509 1010 1591 quibus
1035 1505 1168 1590 peccatis
1190 1505 1239 1569 hic

243 1606 470 1691 intelligendum
495 1619 555 1682 est;
586 1633 646 1672 non
674 1611 753 1675 enim
780 1610 882 1673 omnia
907 1609 937 1670 in
961 1608 1029 1690 ipsa
1053 1604 1238 1670 discussione

244 1707 418 1788 panduntur
431 1732 437 1770 :
453 1711 582 1793 plurima
593 1731 725 1793 namque
737 1710 899 1792 aliquando
910 1707 1015 1770 latent.

664 2022 731 2063 CAP.
760 2022 805 2062 VI.

286 2208 336 2272 Ne
359 2232 472 2272 nomen
491 2210 635 2287 Domini,
656 2208 732 2295 ete]
753 2208 1022 2292 Blasphemaretur
1037 2231 1146 2273 nomen
1162 2212 1234 2285 Dei,

119 2322 123 2327 “
242 2317 274 2372 et
292 2310 444 2386 doctrina,
462 2311 486 2372 si
504 2320 629 2394 propter
647 2311 729 2393 quod
750 2310 903 2374 humiliari
922 2312 1081 2384 deberent,
1100 2312 1237 2393 superbi-

242 2415 326 2484 rent,
351 2417 383 2472 et
401 2410 540 2474 dominos
554 2417 793 2474 contemnerent.
822 2446 862 2459 -
891 2409 976 2493 Quia
980 2408 1109 2497 fratres
1127 2410 1237 2498 suna]

241 2508 303 2573 Per
317 2509 374 2574 hoc
387 2510 568 2573 videbantur
579 2532 668 2593 pares
686 2531 753 2573 esse
764 2510 845 2574 servi
856 2519 888 2573 et
899 2511 1029 2585 domini;
1047 2511 1120 2595 quia
1132 2511 1237 2576 Chris-

241 2608 316 2672 tiani
337 2609 470 2693 utrique,
484 2630 520 2673 ao
531 2632 586 2693 per
604 2611 661 2674 hoc
672 2610 752 2674 servi
768 2613 1003 2674 contemnebant
1017 2611 1166 2674 dominos
1194 2647 1234 2660 -

243 2705 534 2795 Existimantiam]
558 2710 785 2773 Existimabam
812 2709 966 2772 Christum
990 2731 1057 2773 esse
1077 2710 1236 2774 colendum

243 2811 454 2873 tantummodo
465 2819 590 2893 propter
599 2811 683 2874 lucra
691 2810 779 2894 hujus
788 2810 870 2874 vitae.
899 2846 939 2858 -
967 2809 1128 2895 Quaestum
1140 2809 1236 2895 esse]

242 2909 296 2972 Ad
306 2908 362 2973 hoo
374 2930 407 2972 se
417 2910 485 2993 pios
498 2910 653 2990 exhibent,
663 2918 697 2974 ut
707 2919 828 2974 terrena
840 2918 1051 2993 assequantur,
1062 2910 1172 2993 quibus
1181 2931 1237 2973 sua

241 3029 302 3071 non
314 3009 475 3075 sufficiunt.
495 3046 536 3059 -
554 3011 613 3072 Est
629 3023 733 3073 autem
747 3009 913 3098 quaestum]
926 3010 1021 3088 Quasi
1033 3009 1164 3072 diceret:
1177 3008 1236 3074 Est

242 3109 364 3192 quidem
379 3110 484 3195 religio
501 3110 674 3176 Christiana
693 3118 845 3195 quaestus,
871 3109 925 3172 sed
949 3129 1008 3170 non
1033 3107 1153 3190 qualem
1177 3107 1236 3191 ipsi

240 3218 365 3292 putant;
384 3212 438 3274 sed
449 3223 594 3297 magnae,
614 3211 724 3286 idest,
741 3218 883 3273 aeternus⁴
911 3245 951 3257 -
975 3208 1082 3270 Radix
1100 3216 1237 3270 omnium

241 3309 406 3390 malorum,
425 3310 500 3397 ete]
523 3311 676 3387 Avaritia,
701 3311 733 3373 id
752 3317 810 3379 est.
833 3309 984 3392 cupiditas
1001 3309 1175 3372 divitiarum
1191 3309 1237 3372 in-

241 3404 301 3470 fert
313 3406 376 3470 haec
386 3406 481 3478 mala;
495 3427 552 3470 nec
564 3405 686 3480 mirum,
700 3405 772 3488 quia
783 3405 934 3489 cupiditas
944 3407 1078 3469 omnium
1090 3414 1138 3468 est
1148 3405 1234 3469 radix

241 3506 399 3569 malorum.
426 3543 470 3554 -
493 3506 556 3567 Sub
570 3504 714 3592 Pontia]
728 3507 859 3584 Quando
877 3506 971 3569 dixit:
991 3504 1104 3567 Omnis
1121 3512 1176 3590 qui
1193 3526 1235 3565 ex

241 3615 379 3669 veritate
393 3619 452 3685 est,
464 3606 553 3668 audit
567 3628 667 3668 meam
681 3628 806 3684 vocem,
818 3618 877 3668 etc.
906 3641 946 3653 -
971 3602 1186 3688 Mammam]
1196 3604 1232 3667 Id

218 3718 224 3723 ’
241 3712 299 3775 est,
313 3706 520 3790 evangelicum
532 3713 716 3789 praeceptum
728 3757 734 3780 ,
748 3707 861 3789 dequo
876 3706 907 3767 in
922 3705 1045 3770 Psalmo
1059 3728 1065 3766 :
1084 3705 1152 3767 Lex
1167 3703 1233 3763 Do-

241 3811 320 3865 mini
334 3805 548 3874 immacalato.
576 3841 615 3854 -
640 3803 942 3889 Immortalitatem]
957 3804 994 3867 Id
1009 3810 1072 3878 est,
1090 3804 1235 3865 immuta·
1290 3801 1301 3825 ⁶

241 3903 388 3968 bilitatem
404 3930 410 3966 ε
429 3905 527 3968 omnis
539 3906 618 3968 enim
634 3917 772 3969 creatura
784 3903 948 3968 mutabilis.
977 3939 1017 3952 -
1047 3902 1163 3965 Vidme
1171 3924 1235 3986 po-

242 4002 330 4090 tent]
344 4005 378 4067 ln
390 4005 447 4068 hac
459 4004 758 4088 vitaintelligendum
771 4012 829 4078 est,
844 4024 903 4065 non
914 4023 1004 4085 posse
1016 4004 1055 4065 ab
1066 4001 1236 4064 hominibus

240 4102 337 4166 videri
352 4105 466 4168 Deum.
485 4106 566 4168 Nam
586 4106 623 4167 de
642 4104 702 4168 alia
717 4103 861 4187 scriptum
878 4110 941 4166 est:
966 4100 1147 4164 Videbimus
1166 4123 1235 4161 eum

239 4209 403 4265 cicumeat.
432 4241 470 4252 -
498 4204 691 4290 Depositum.
705 4203 763 4288 ]1d
779 4212 837 4271 est.
856 4202 1025 4286 spiritualia
1039 4200 1232 4273 charismata,
