3184 5442
511 760 629 802 emesa
653 757 686 803 m
709 762 758 803 aa.
784 761 826 803 no
846 761 959 805 eamr.
1187 745 1231 808 87

236 934 278 946 -
308 897 460 984 Titusqra'
469 899 1233 985 mcumerut.]Sednequetuncaooepit.Etboe

233 998 378 1080 estquod
390 997 466 1061 dicit
482 1021 489 1060 :
504 1018 566 1061 non
578 997 622 1062 lui
633 999 772 1065 subditos
783 999 863 1073 illis;
881 1003 955 1084 qnia
969 1020 1029 1064 nec
1039 1001 1133 1064 etiarn
1143 1001 1233 1068 Titne

236 1096 510 1185 (aminoril.Sed
531 1106 635 1162 tamen
657 1120 719 1162 non
742 1097 800 1163 luit
819 1099 877 1165 hoc
901 1121 941 1167 ex
962 1099 1158 1185 arrogantia,
1175 1103 1231 1167 eod

234 1205 361 1283 propter
375 1196 470 1261 falsos
488 1195 611 1262 fratres.
631 1199 822 1266 Libertatem
840 1220 915 1263 vero
935 1200 1027 1274 dicit,
1046 1201 1119 1283 qnia
1136 1201 1231 1266 libere

234 1296 437 1380 predicebat,
453 1296 611 1380 negligens
624 1298 761 1362 cernue
780 1298 1001 1365 observantias.
1020 1298 1153 1376 Quidam
1173 1321 1230 1367 au·

235 1406 299 1460 tem
311 1395 381 1461 falsi
394 1402 561 1469 veneunt,
579 1396 764 1461 ntviderent
777 1416 818 1460 an
828 1396 895 1480 ipse
917 1396 1143 1483 Hierosolymis
1161 1420 1231 1466 oon·

234 1495 362 1560 sentiret
370 1493 446 1577 legis
457 1493 670 1559 observantiis.
696 1530 740 1544 -
767 1494 893 1558 Veritas
901 1496 1231 1584 anagetaweeae

235 1591 396 1677 Evangelii
411 1601 475 1668 est,
497 1592 564 1657 sine
582 1593 810 1659 circumcisione
823 1604 856 1658 et
875 1595 944 1659 eliis
962 1595 1110 1681 legalibus
1124 1599 1229 1665 obscr-

235 1691 366 1766 vantiis‚
395 1693 523 1757 moralia
545 1692 605 1756 Dei
629 1700 783 1776 praecepta
806 1714 876 1761 cum
901 1694 961 1758 fide
985 1697 1159 1759 observare.
1186 1731 1227 1747 -

234 1791 287 1855 Ab
301 1791 352 1855 bie
371 1805 489 1854 autem.
503 1790 514 1878 ]
528 1792 625 1857 Ordo.
642 1792 704 1870 Qui
721 1801 826 1857 autem
840 1793 1021 1857 videbantur
1036 1796 1075 1858 ab
1096 1793 1144 1859 bis
1158 1815 1227 1861 aue

232 1891 363 1974 aliquid,
386 1892 513 1955 Petrum
534 1900 566 1955 et
581 1892 732 1955 loannem
749 1898 781 1954 et
798 1891 948 1960 Jeeobum
968 1891 1133 1974 significat:
1155 1893 1227 1975 qnia

234 1990 358 2076 majoris
382 1991 462 2055 inter
489 1997 616 2054 ceteros
642 1989 811 2073 Apostolos
838 1989 997 2072 dignitatis
1021 1999 1124 2063 erant,
1150 2009 1227 2073 quos

234 2089 406 2172 paulopost
418 2090 575 2153 columnas
584 2097 686 2153 vocat.
697 2088 783 2153 Dicit
793 2109 867 2173 ergo
878 2087 951 2152 nihil
963 2089 1004 2152 ed
1013 2109 1046 2152 se
1060 2089 1224 2172 pertinere,

232 2191 394 2255 ostendere
404 2189 510 2272 quales
521 2196 553 2252 et
564 2190 629 2253 loco
639 2198 672 2253 et
680 2187 809 2252 scientia
817 2198 890 2257 ante
897 2188 1089 2252 vocationem
1100 2187 1224 2255 drerint.

233 2289 267 2352 N
266 2309 306 2352 on
320 2288 389 2352 aliis
397 2288 558 2372 Apostolis
566 2289 695 2372 denegat
705 2310 712 2358 ;
724 2289 779 2350 sed
789 2288 863 2371 quia
871 2288 993 2354 Gelatae
1004 2287 1080 2353 alios
1089 2288 1227 2370 Aposto-

234 2389 279 2452 los
289 2389 371 2453 ultre
384 2390 506 2452 modum
520 2387 755 2472 magnificabant
764 2388 835 2452 hnic
848 2410 901 2452 eos
911 2387 1123 2471 preferentes,
1136 2396 1230 2472 atque

233 2485 1230 2585 ideoauctoritatemhujnsvilioremhobentee:ostenditseaqua·

233 2586 420 2651 lemesseeis
431 2638 437 2661 ‚
447 2587 654 2653 etdoctrinam
660 2586 821 2671 Evangelii
832 2589 872 2649 ab
878 2586 923 2651 eis
933 2607 995 2650 non
1002 2586 1167 2668 accepisse.
1185 2621 1229 2643 ν·-

238 2686 302 2770 Qui
312 2685 505 2749 videbantur
514 2708 584 2748 esse
595 2685 727 2772 aliquid.
741 2684 754 2771 ]
766 2687 817 2749 Ne
830 2685 899 2769 quie
907 2686 1022 2752 diceret
1036 2706 1106 2752 eum
1120 2686 1230 2751 debere

233 2786 279 2849 eis
293 2787 481 2860 consentire,
496 2786 569 2869 quie
584 2785 726 2849 meliores
744 2806 781 2848 eo
799 2784 938 2860 fuerunt,
959 2785 1107 2868 quianon
1123 2804 1230 2867 perse·

232 2881 296 2944 enti
308 2889 379 2944 sunt
392 2881 579 2956 Ecclesiam,
598 2880 677 2944 sicut
693 2880 743 2943 ille
758 2903 764 2942 :
779 2881 821 2944 ad
838 2881 895 2945 hoc
911 2880 1092 2964 respondet,
1113 2900 1173 2943 non
1191 2899 1231 2943 ex

234 2978 366 3052 invidia,
386 2979 442 3041 sed
461 2989 497 3042 ut
516 3000 550 3042 se
569 2979 778 3054 commendet,
799 2979 833 3041 id
849 2988 915 3052 est,
933 2999 1020 3042 suam
1046 2976 1232 3059 predicatio

233 3099 304 3142 nem
317 3100 324 3140 :
339 3077 490 3160 dicitque;
505 3076 545 3139 ab
557 3077 607 3140 Iris
617 3089 721 3139 autem
737 3085 791 3164 qui
804 3076 997 3139 videbantur
1010 3096 1079 3137 esse
1088 3074 1228 3160 aliquid,
1362 3148 1366 3161 Ι

234 3177 267 3240 u
277 3185 344 3250 est,
362 3176 393 3241 hi
408 3177 461 3260 qui
471 3176 653 3241 videbantur
668 3196 736 3239 esse
753 3174 870 3257 aliquid
881 3224 888 3250 ,
898 3157 978 3237 ‘acet
994 3193 1118 3257 possem
1131 3173 1232 3239 uere

231 3276 357 3359 quales,
378 3276 494 3341 scilicet
508 3276 601 3350 viles,
619 3284 668 3351 et,
689 3282 725 3341 ut
740 3296 798 3359 ago
821 3279 997 3356 peccatores
1016 3278 1137 3347 essent,
1155 3270 1230 3343 nihil

235 3383 336 3441 tamen
352 3374 428 3438 mihi
442 3375 643 3439 wntrrlerunt.
670 3409 710 3425 -
735 3374 824 3437 Deus
833 3395 1008 3459 personam
1018 3371 1155 3435 hominis
1167 3393 1231 3436 non

233 3482 360 3561 accipit.
372 3473 383 3561 ]
395 3475 465 3539 Hoc
475 3475 544 3538 ideo
558 3472 650 3545 dicit,
668 3474 741 3557 quia
756 3473 1032 3557 reprehendebatur
1049 3470 1132 3556 qnod
1146 3469 1231 3553 prius

232 3581 408 3656 persecutns
419 3572 695 3639 fueratEcclesiom
706 3595 714 3646 ;
727 3573 819 3657 quasi
833 3572 866 3637 hi
877 3573 930 3656 qui
947 3572 1039 3637 modo
1050 3578 1123 3637 sunt
1132 3571 1226 3656 justi,

233 3679 265 3736 et
275 3673 372 3739 sancti
383 3679 416 3736 et
429 3671 532 3756 magni
540 3671 624 3754 apud
635 3691 740 3735 omnes
750 3723 757 3746 ‚
767 3691 828 3735 non
840 3669 954 3739 fixerint
964 3721 971 3746 ,
983 3671 1063 3737 sicin
1073 3689 1148 3754 ego,
1160 3688 1230 3752 pao

232 3779 362 3841 catores.
379 3775 423 3835 Et
437 3772 495 3835 boc
506 3772 593 3845 inde,
607 3770 680 3854 quia
694 3771 781 3837 Deus
794 3791 855 3835 non
867 3777 916 3835 est
931 3776 1073 3853 acceptor
1085 3788 1229 3852 persona-

232 3892 311 3935 mm.
328 3871 477 3936 Similiter
492 3892 549 3954 ego
563 3870 704 3954 quamvis
721 3878 898 3953 persecutor
910 3868 1039 3946 fuerim,
1056 3889 1117 3935 non
1128 3869 1227 3941 debeo

231 3991 251 4035 a
271 3970 357 4034 vobis
374 3969 532 4053 vilipendi.
561 4006 600 4021 -
624 3969 784 4033 Barnabae
804 3966 1004 4054 secretaria]
1021 3968 1082 4031 Per
1101 3967 1159 4031 hoc
1177 3987 1228 4033 os-

232 4070 331 4137 tendit
353 4091 389 4137 se
417 4070 643 4154 Discipulorum
673 4069 787 4137 Christi
814 4090 875 4133 non
901 4066 993 4135 fuisse
1012 4066 1205 4150 Discipnlum
1217 4087 1225 4140 ;

231 4169 366 4253 alioquin
386 4190 447 4235 non
467 4191 500 4234 sc
521 4169 636 4234 socium
658 4176 794 4233 voearet.
822 4205 862 4219 -
890 4166 968 4231 Cum
991 4179 1096 4231 autem
1117 4173 1229 4231 venis·

231 4280 295 4347 set,
313 4281 373 4332 ete.
389 4267 400 4354 ]
416 4269 493 4334 Item
503 4270 613 4354 probat
624 4267 696 4351 quia
710 4289 766 4332 nec
782 4266 970 4346 Antiochiae,
985 4286 1005 4328 a
1018 4266 1112 4331 Petro
1127 4266 1231 4333 Evan-
