3184 5442
294 749 357 809 294
511 780 514 786 ·
678 763 707 802 n.
736 759 909 801 uauunancr

338 909 379 969 D.
406 905 524 966 Vellem
542 902 614 964 mihi
632 901 689 964 hoo
706 901 847 982 exemplo
862 900 981 981 probari
990 900 1001 960 ‘l
1021 936 1060 945 —
1079 900 1125 961 Μ.
1144 901 1302 984 Nunquid

294 1007 352 1070 scis
365 1006 447 1089 quod
460 1003 564 1067 David
577 1000 774 1063 homicidium
791 1007 822 1062 et
833 998 1015 1063 adulterium
1029 1001 1241 1082 perpetravitl

337 1109 376 1171 D,
404 1106 483 1170 Soio.
498 1140 537 1151 -
548 1103 594 1164 M.
619 1103 704 1165 Num
721 1100 802 1163 nosti
818 1101 948 1162 Mariam
964 1100 1166 1183 peccatricem
1191 1101 1297 1180 fuisse,

294 1209 419 1270 Petrum
434 1205 590 1268 Christum
610 1202 742 1286 perjurio
761 1201 947 1283 abnegasse,
973 1200 1104 1262 Paulum
1124 1202 1300 1265 Ecclesiam

294 1304 453 1367 crudeliter
469 1301 684 1386 impugnasset

337 1405 378 1467 D.
405 1403 497 1467 Novi.
515 1438 558 1450 -
575 1402 621 1465 M.
641 1401 748 1465 Credis
763 1422 816 1464 eos
827 1422 893 1462 esse
906 1401 934 1461 in
948 1400 1041 1462 coelol

338 1506 379 1568 D.
406 1505 518 1568 Credo.
536 1539 574 1549 -
592 1503 637 1565 M.
667 1502 700 1564 Si
725 1502 818 1585 igitur
845 1509 879 1563 tu
905 1500 1002 1563 adhuc
1032 1501 1240 1583 cormptibilis
1267 1511 1300 1566 et

294 1605 410 1690 fragilis
426 1605 488 1668 haec
500 1603 599 1678 nosti,
617 1609 732 1685 quanto
755 1601 852 1685 magis
872 1600 913 1662 illi
931 1609 1052 1674 norunt,
1076 1601 1129 1682 qui
1151 1603 1193 1664 ab
1215 1604 1299 1665 omni

295 1705 486 1788 corruptione
507 1712 538 1766 et
560 1701 725 1786 fragilitate
750 1701 836 1763 liberi
860 1700 966 1763 eruntl
997 1701 1068 1764 Non
1093 1708 1201 1763 tamen
1228 1701 1300 1764 inde

295 1828 373 1869 nunc
383 1805 635 1877 verecundantur,
649 1804 703 1865 sed
714 1802 813 1884 magis
822 1803 859 1864 de
871 1822 928 1863 sua
939 1801 1106 1863 salvatione
1118 1800 1149 1861 in
1160 1801 1300 1865 Domino

297 1908 474 1989 gloriantur.

338 2007 380 2069 D.
407 2006 477 2068 Non
505 2005 667 2066 abhorrent
691 2003 768 2065 tales
783 2001 910 2084 Angeli,
938 2000 986 2062 vel
1002 2000 1126 2074 Sancti,
1149 2002 1205 2083 qui
1220 2023 1301 2084 pene

245 2136 250 2147 ¹
294 2107 366 2168 nihil
382 2103 600 2188 peccaveruntl
618 2125 677 2165 non
690 2103 844 2164 habebunt
859 2121 911 2162 eos
922 2099 1028 2185 pejust
1043 2136 1085 2145 -
1098 2101 1147 2163 M.
1165 2101 1300 2184 Nequa-

295 2227 386 2287 quam
404 2230 409 2266 :
429 2205 483 2267 sed
498 2204 575 2266 sicut
593 2204 638 2266 his
656 2202 745 2265 amici
759 2201 951 2284 congaudent
971 2199 1022 2281 qui
1039 2199 1235 2284 naufragium
1250 2203 1302 2265 vel

294 2306 416 2386 aliquod
436 2325 530 2387 grave
546 2303 711 2385 periculum
731 2301 882 2372 evadunt,
907 2300 951 2362 ita
966 2300 1078 2383 Angeli
1091 2307 1123 2362 et
1135 2301 1245 2364 Sancti
1260 2304 1301 2364 de

295 2406 413 2467 illorum
431 2403 573 2464 evasione
585 2402 845 2484 congratulantur,
861 2400 970 2482 quibus
985 2399 1103 2472 omnia,
1119 2400 1214 2463 etiam
1231 2401 1302 2485 ipsa

295 2510 431 2585 peccata,
444 2500 472 2560 in
485 2502 595 2561 bonurn
614 2510 825 2581 cooperantur.
844 2503 888 2564 Et
899 2501 977 2564 sicut
989 2499 1124 2562 medicus
1144 2502 1247 2585 magis
1262 2504 1302 2566 de

295 2605 455 2683 desperato
476 2620 577 2697 apgro.
610 2601 635 2662 si
659 2622 730 2662 eum
755 2601 931 2673 sanaverit,
960 2601 1126 2662 laudatur:
1150 2601 1195 2664 ita
1213 2603 1302 2666 Deus

294 2699 416 2761 uberius
427 2690 596 2769 deffiomm
609 2701 778 2764 salvatione
792 2701 985 2784 glorificatur.

339 2801 381 2863 D.
407 2800 724 2865 Oimmensalaetitia!
741 2840 783 2850 -
793 2803 838 2865 M.
852 2803 954 2865 David
966 2811 997 2865 et
1008 2803 1029 2864 J
1030 2801 1153 2864 onathae
1163 2802 1302 2866 amicitia

296 2910 375 2963 esset
389 2899 447 2962 illis
462 2900 628 2964 inimicitia,
650 2902 783 2983 Oquam
805 2902 900 2964 dulcis
919 2901 1054 2964 amicitia
1073 2901 1141 2963 illos
1160 2903 1300 2984 copulat,

294 3022 372 3083 ,quos
385 3002 470 3063 Deus
486 3009 521 3063 ut
536 3001 613 3064 filios
629 3023 700 3064 suos
712 3011 814 3073 amat,
833 3010 863 3064 et
878 3002 936 3084 ipsi
949 3003 1050 3065 Deum
1060 3001 1128 3084 plus
1143 3023 1240 3084 quarn
1254 3025 1303 3067 se-

295 3106 378 3183 ipsos
402 3102 546 3185 diligam&
576 3112 606 3163 et
633 3123 738 3164 omnes
751 3102 864 3187 Angeli
885 3110 917 3164 et
937 3123 1042 3164 omnes
1063 3101 1170 3165 Sancti
1194 3123 1251 3165 eos
1267 3115 1304 3168 ut

297 3203 413 3285 seipsos
426 3202 566 3286 diligunt.
584 3204 671 3265 Laelii
687 3213 719 3266 et
729 3204 879 3287 Scipionis
897 3202 1057 3266 concordia
1069 3211 1150 3264 esset
1162 3201 1223 3264 illis
1238 3203 1302 3266 dis-

297 3304 408 3365 cordia.
425 3303 507 3365 Sane
522 3304 681 3367 concordia
695 3304 814 3366 illomm
830 3310 876 3365 est
892 3312 927 3366 ut
943 3304 1097 3366 oculorum
1113 3327 1119 3364 ;
1141 3323 1203 3384 quo
1220 3323 1306 3367 unus

297 3403 415 3485 aspicit,
432 3424 502 3464 mox
517 3424 549 3465 se
565 3403 641 3466 alter
653 3390 726 3466 illuc
739 3401 835 3467 flectit
851 3427 856 3463 :
880 3403 1021 3486 quicquid
1041 3401 1151 3485 aliquis
1176 3401 1305 3466 illorum

297 3503 390 3578 volet,
404 3503 459 3564 hoc
470 3503 566 3578 DeuS,
579 3504 634 3566 hoc
646 3503 768 3586 Angeli‚
783 3503 839 3566 hoc
855 3523 960 3564 omnes
969 3500 1074 3566 Sancti
1088 3501 1205 3564 volent.

341 3603 381 3664 D.
405 3602 478 3674 Eia,
497 3602 522 3664 si
538 3603 623 3665 Deus
635 3610 666 3665 et
680 3623 785 3665 omnes
795 3603 901 3666 Sancti
918 3601 1021 3663 volent
1035 3601 1116 3682 quod
1133 3620 1191 3684 ego
1203 3602 1303 3664 volo:

297 3709 368 3762 tunc
383 3702 491 3763 vellem
511 3703 618 3765 similis
635 3725 702 3766 esse
720 3703 833 3766 Petrol
848 3737 891 3748 -
904 3702 950 3765 M.
970 3701 1062 3765 Certe
1076 3700 1101 3762 si
1116 3700 1174 3763 hoo
1189 3700 1305 3764 volue-

296 3799 347 3869 ris
364 3799 505 3861 continuo
522 3802 590 3862 eris.
606 3803 678 3864 Nou
692 3803 759 3864 dico
776 3802 858 3884 quod
870 3801 981 3864 Petrus
992 3801 1045 3874 εἰς,
1069 3800 1123 3863 sed
1140 3799 1237 3862 Petro
1259 3801 1305 3864 si-

297 3897 385 3959 milis.
404 3898 487 3961 Nam
504 3900 529 3961 si
542 3920 667 3981 cuperes
681 3901 791 3963 Petrus
806 3923 887 3974 esse;
909 3921 1034 3986 cuperes
1045 3920 1105 3962 non
1116 3900 1302 3964 subsistere.

298 3995 332 4059 Si
352 3995 432 4057 enirn
454 4005 538 4058 tuam
560 3997 721 4060 essentiam
742 4020 887 4075 exueres,
915 4001 988 4063 nihil
1015 4019 1097 4063 esses
1122 4022 1127 4058 :
1155 4000 1304 4082 quamvis

300 4095 400 4159 nullus
420 4095 461 4157 ibi
480 4097 548 4179 plus
569 4096 689 4179 cupiat,
712 4118 804 4180 quam
826 4101 1041 4181 promeruerit;
1067 4100 1145 4162 siout
1166 4120 1224 4161 nec
1244 4121 1304 4181 pes

301 4196 384 4279 cupit
399 4197 502 4260 oculus
513 4217 590 4272 esse,
609 4204 661 4258 aut
677 4219 784 4260 manus
798 4199 896 4271 auris;
913 4200 961 4262 rel
983 4200 1029 4262 vir
1047 4220 1113 4262 esse
1130 4199 1249 4260 mulier.
1265 4200 1302 4262 Si

301 4299 379 4358 eninr
392 4297 503 4378 aliquid
519 4298 586 4380 plus
598 4308 752 4379 cuperent,
767 4299 887 4382 plenum
899 4301 1042 4382 gaudium
1052 4321 1110 4361 non
1124 4299 1276 4362 haherent
1291 4322 1297 4360 :
