3184 5442
294 695 337 757 lo
678 711 707 751 o.
735 709 909 752 mnrunncr

296 875 405 939 citabit
436 875 547 950 Deus,
578 884 635 934 etc.
668 909 712 920 -
743 871 860 935 Gentes
890 885 1005 933 autern.
1031 870 1042 956 l
1071 871 1187 937 Probat
1216 875 1291 958 quia

294 975 428 1059 suscepit
453 974 587 1049 Gentes,
612 973 662 1036 vel
684 974 832 1049 honorare
855 973 957 1038 Deum
986 971 1120 1048 Gentes,
1149 974 1188 1036 ab
1213 994 1290 1042 arw-

295 1076 420 1141 toritate
446 1074 633 1138 Judaeorum.
662 1110 701 1121 -
729 1072 846 1136 Gentes
869 1069 1008 1156 einen]
1024 1070 1108 1136 laus
1137 1073 1287 1156 gentium.

294 1175 379 1240 Dicit
396 1174 495 1248 enim,
512 1180 606 1237 tantae
625 1192 703 1237 curae
724 1172 817 1236 fuisse
832 1172 917 1242 Deo,
933 1180 969 1233 ut
985 1171 1024 1233 ad
1038 1170 1201 1235 salvandas
1222 1194 1288 1250 eas,

294 1276 464 1358 Prophetas
483 1294 554 1337 suos
571 1272 757 1357 praediceret.
771 1272 833 1336 His
843 1271 983 1335 laudibus
994 1271 1128 1354 equales
1143 1293 1196 1336 eos
1210 1272 1292 1338 inter

295 1400 328 1444 se
342 1378 567 1452 esseostendit3
583 1386 618 1442 ut
629 1378 706 1442 alter
717 1374 858 1460 praeferre
879 1396 912 1438 se
928 1374 1016 1438 alteri
1036 1395 1096 1438 non
1111 1384 1287 1458 prasumat.

295 1517 340 1528 -
363 1481 538 1566 Propterea
565 1475 775 1563 confinien]
793 1476 866 1539 Vox
885 1473 999 1539 Christi
1016 1474 1069 1557 qui
1089 1475 1120 1536 in
1138 1475 1292 1541 Gentibus

299 1583 460 1645 confitetur
469 1579 575 1645 Patri:
591 1578 664 1662 quia
677 1599 731 1663 per
745 1579 811 1664 ejus
822 1575 1049 1640 conversionem
1060 1574 1128 1662 (vel
1142 1575 1291 1659 praedica-

297 1679 427 1766 tionem)
442 1700 595 1744 conversae
608 1686 680 1743 sunt
700 1680 739 1742 ad
755 1678 906 1742 culturam
920 1675 1009 1739 unius
1019 1675 1090 1739 Dei.
1118 1711 1159 1724 -
1182 1675 1291 1740 Laetc-

302 1788 382 1843 mt'ni
393 1793 515 1867 gentes.
536 1778 548 1866 ]
570 1780 605 1843 In
631 1778 711 1843 Isaia
725 1777 768 1842 sic
783 1777 931 1862 scriptum
951 1783 1008 1840 est.
1027 1775 1198 1837 Loetcmini
1223 1799 1294 1839 enm

296 1879 489 1956 Jerusalem
502 1892 533 1941 et
557 1877 696 1941 exultate
717 1886 750 1940 in
767 1901 821 1952 en,
844 1883 1026 1962 omnesqui
1049 1874 1183 1961 diligitis
1207 1898 1290 1940 eant.

296 2016 340 2028 —
355 1982 430 2042 Erit
446 1978 542 2040 radin
565 1978 666 2041 Jesse.
684 1976 805 2062 lOrdo.
823 1976 912 2039 Jesse
938 1974 997 2037 erit
1015 1973 1113 2049 radix,
1129 1981 1188 2038 etc.
1210 1974 1293 2039 Sub·

297 2080 401 2153 audis,
420 2080 476 2140 En
498 2078 559 2140 hnc
580 2078 689 2139 radice
708 2084 779 2152 erit,
796 2083 852 2162 qui
872 2087 1004 2160 exurget
1029 2096 1139 2161 regere
1161 2073 1290 2138 Gentes.

297 2216 341 2228 —
366 2177 477 2240 Certus
490 2199 560 2238 sum
572 2189 687 2252 nutem,
707 2188 766 2239 etc.
782 2175 793 2261 ]
811 2176 982 2239 Benevolos
993 2175 1061 2239 illos
1074 2176 1185 2252 reddit,
1203 2177 1295 2259 quasi

298 2299 355 2362 ego
368 2274 498 2358 corripui
511 2295 577 2351 ros,
591 2275 663 2358 quin
676 2273 770 2338 sciam
784 2295 841 2337 vos
855 2273 985 2338 invicem
1002 2274 1143 2359 diligere;
1157 2295 1213 2339 nec
1223 2274 1294 2339 ideo

298 2374 452 2450 admonui,
484 2374 556 2458 quin
586 2374 682 2438 sciam
706 2395 762 2439 vos
789 2375 944 2458 sapientes
970 2395 1058 2454 esse,
1084 2375 1140 2439 sed
1156 2367 1295 2440 'officium

298 2495 399 2539 meum
414 2477 466 2550 est,
487 2471 609 2536 monere
625 2495 691 2537 vos.
720 2511 761 2522 -
785 2472 907 2558 Repleti
925 2481 1012 2535 omni
1029 2481 1176 2537 scientia.
1194 2474 1206 2560 ]
1222 2476 1295 2540 Hu-

299 2573 412 2664 militas
428 2569 583 2655 Apostoli.
602 2571 686 2636 Dicit
705 2572 785 2634 enim
807 2572 964 2655 scripsisse
979 2572 1036 2648 eiS,
1053 2595 1112 2636 non
1132 2575 1215 2657 quod
1236 2573 1296 2658 ipsi

266 2674 269 2681 '
298 2672 477 2757 indigerent.
497 2671 620 2755 Repleti
644 2671 743 2748 enim,
762 2679 798 2738 ut
812 2672 879 2756 ipse
901 2673 1024 2750 latetur,
1044 2675 1127 2738 omni
1145 2674 1291 2739 scientia:

210 2851 219 2865 .
298 2772 462 2837 sedofficii
482 2773 529 2836 sui
550 2772 733 2838 necessitate
749 2781 889 2838 coactum
904 2797 911 2837 ε
924 2776 1004 2858 quod
1020 2775 1190 2860 Apostolus
1207 2775 1296 2838 Gen-

299 2873 376 2937 tium
392 2873 494 2937 aDeo
512 2871 696 2937 constitutus
706 2881 784 2937 erat.
813 2911 852 2922 -
877 2873 1043 2938 Audacius
1063 2888 1179 2938 antem.
1196 2874 1208 2961 ]
1224 2875 1295 2939 Au·
1319 2954 1326 2963 .

302 2973 396 3038 daciae
416 2972 576 3036 videbatur
597 2993 675 3047 esse,
694 2973 819 3058 repletis
838 2975 921 3036 omni
935 2974 1063 3038 scientia
1083 2974 1225 3040 scribere.
1250 3009 1296 3024 -

304 3074 416 3138 Habeo
444 3081 545 3162 igitur
573 3073 751 3162 gloriam]
776 3074 950 3160 Quidquid,
973 3074 1089 3159 inquit,
1114 3080 1223 3160 putent
1247 3094 1297 3138 me

301 3176 453 3240 hominem
474 3196 558 3249 esse;
580 3197 637 3260 ego
658 3182 761 3240 tamen
783 3174 846 3240 scio
864 3197 914 3239 me
935 3175 1047 3238 habere
1064 3175 1193 3258 gloriam
1214 3174 1296 3257 apud

301 3275 404 3340 Deum
420 3275 451 3337 in
466 3275 680 3358 praedicatione
691 3278 767 3341 Jesu
782 3275 896 3340 Christi
904 3298 912 3348 ;
925 3275 999 3359 quia
1011 3281 1137 3359 propter
1152 3274 1297 3338 honorem

300 3372 374 3449 Dei,
393 3380 426 3436 et
453 3373 584 3436 salutem
598 3373 745 3438 Gentium
769 3395 829 3457 ago
850 3373 932 3456 quod
954 3393 1022 3455 ago.
1050 3408 1093 3419 -
1116 3370 1190 3435 Non
1214 3375 1297 3435 enim

303 3468 433 3554 andem]
445 3469 519 3531 Alia
533 3490 625 3535 causa
640 3491 693 3534 cur
707 3472 820 3535 habeat
833 3471 958 3556 gloriam
975 3469 1057 3552 apud
1067 3470 1190 3532 Deum:
1207 3471 1298 3552 quid-

302 3568 376 3653 quid
393 3566 474 3632 enim
492 3568 637 3651 loquitur,
658 3569 807 3653 quidquid
826 3576 970 3654 operatur
989 3567 1129 3632 Christus
1145 3567 1176 3627 in
1193 3587 1241 3642 eo,
1265 3578 1298 3632 et

301 3688 356 3752 per
367 3688 437 3731 eum
453 3667 588 3751 loquitur
599 3674 630 3731 et
638 3667 784 3752 'operatur
795 3721 803 3749 ,
816 3676 851 3732 ut
859 3667 1028 3750 Evangelio
1039 3664 1191 3728 obediant.

715 3964 791 4004 ὌΑΡ.
819 3963 884 4004 XVI.

357 4148 544 4212 Commendo
568 4164 671 4213 nutent
694 4149 786 4212 nobis
806 4122 974 4233 Phoeben]
988 4147 1150 4214 Ditissima
1162 4155 1193 4212 et
1208 4148 1296 4210 nobi-

311 4249 425 4314 lissima
440 4249 547 4313 mulier
557 4247 614 4313 luit
628 4273 633 4311 :
648 4269 716 4332 quae
730 4247 898 4313 Ecclesiam
914 4247 985 4323 Dei,
1006 4269 1073 4331 quae
1091 4248 1173 4331 apud
1197 4247 1297 4310 locum
