3184 5442
300 733 362 795 176
673 751 703 790 n.
730 748 904 790 nunrnancr

297 889 471 954 manducari
482 888 514 950 in
524 887 612 952 terris
623 908 642 948 a
653 887 744 970 digne
757 885 991 969 percipientibus
1004 885 1170 950 Dominum
1182 887 1204 949 J
1205 907 1295 949 esum
1311 904 1331 935 ἰ

297 990 451 1055 Christum
472 1012 478 1049 :
500 995 536 1050 ut
559 985 726 1050 certissime
742 993 900 1049 teneamus
921 986 1051 1049 existere
1070 986 1155 1049 illum
1179 986 1211 1048 in
1230 1007 1294 1050 coe-

296 1090 422 1152 lestibus
438 1085 726 1161 incontaminatum,
752 1085 975 1167 incorruptum,
1001 1084 1140 1148 illaesum.
1165 1085 1295 1169 lrreptus

297 1189 340 1252 sis
364 1189 388 1252 si
409 1194 572 1271 propterea
591 1185 674 1248 dicas
693 1185 897 1266 Sareptenam
922 1183 1046 1247 viduam
1070 1206 1131 1248 non
1155 1186 1294 1269 potuisse

297 1289 454 1373 comedere
469 1287 568 1350 oleum
583 1308 643 1370 quo
659 1287 765 1368 plenus
779 1293 846 1348 erat
858 1285 988 1348 lechitus
1004 1305 1095 1348 suus:
1115 1286 1189 1368 quia
1204 1306 1294 1349 sacra

297 1394 431 1451 testante
456 1385 582 1448 historia
608 1385 735 1447 lechitus
758 1383 816 1446 olei
841 1405 900 1445 non
927 1391 975 1446 est
1000 1383 1194 1460 imminutus,
1221 1405 1293 1448 cum

298 1488 407 1550 eadem
434 1485 584 1568 scriptura
606 1484 715 1547 dicat:
749 1515 761 1536 ιι
786 1482 875 1546 Abiit
898 1490 930 1545 et
956 1481 1028 1546 fecit
1050 1485 1140 1569 juxta
1164 1486 1292 1547 verbum

297 1587 409 1663 Heliae,
424 1594 457 1649 et
471 1585 602 1649 comedit
616 1585 692 1666 ipse,
707 1591 738 1646 et
748 1583 815 1661 illa,
831 1591 863 1647 et
877 1582 984 1645 domus
996 1585 1093 1670 ejus„
1112 1585 1184 1648 Non
1198 1585 1291 1646 dissi-

298 1687 362 1749 mili
388 1685 524 1771 gravaris
546 1685 702 1758 vecordia,
728 1683 754 1746 si
778 1682 889 1746 idcirco
915 1683 1050 1747 moliaris
1072 1691 1207 1749 astruere
1230 1706 1290 1747 non

298 1807 388 1870 posse
413 1786 453 1848 ali
476 1785 645 1849 Ecclesiam
663 1803 805 1847 carneae
829 1783 975 1866 sanguine
994 1783 1210 1866 Redemptoris
1224 1784 1288 1861 sui,

299 1889 371 1969 quia
385 1885 550 1969 Apostolus
563 1884 636 1949 dicit
649 1907 654 1944 :
679 1914 691 1936 ιι
709 1883 849 1946 Christus
861 1903 1020 1965 resurgens
1037 1905 1076 1946 ex
1089 1884 1215 1948 mortuis
1223 1886 1291 1970 jam

298 2007 359 2048 non
374 1985 515 2061 moritur,
534 2005 615 2047 mors
630 1983 674 2045 illi
689 1983 769 2045 ultra
786 2003 847 2044 non
864 1982 1068 2045 dominabitur
1083 2014 1094 2036 ι
1112 2007 1119 2056 ;
1139 1984 1292 2065 cumipse

299 2086 448 2149 Dominus
455 2086 582 2166 loquens
590 2081 741 2164 discipulis
753 2081 814 2144 suis
827 2088 967 2156 testetur,
976 2081 1093 2144 dicens:
1111 2112 1123 2133 ιι
1133 2083 1288 2165 Accipite,
1335 2128 1339 2133 -

299 2192 331 2247 et
350 2185 547 2257 manducate,
566 2183 622 2245 hoc
637 2190 685 2244 est
699 2203 809 2264 corpus
821 2203 938 2254 meum,
959 2182 1041 2264 quod
1059 2203 1113 2264 pro
1127 2182 1214 2245 vobis
1226 2191 1291 2247 tra-

299 2285 401 2355 detur;
421 2282 515 2346 ethic
531 2288 578 2344 est
593 2281 673 2345 calix
685 2282 840 2365 sanguinis
855 2281 926 2356 mei,
945 2282 1124 2365 mysterium
1141 2281 1223 2358 fidei,
1239 2285 1292 2366 qui

298 2404 353 2465 pro
368 2383 454 2446 vobis
476 2390 508 2445 et
530 2403 585 2464 pro
607 2382 708 2444 multis
728 2383 908 2445 effundetur.
937 2385 980 2445 Et
1008 2383 1096 2466 panis
1121 2403 1211 2465 quem
1233 2404 1291 2468 ego

298 2482 410 2546 dedero
422 2502 492 2543 caro
503 2502 572 2543 mea
584 2486 631 2543 est
642 2502 697 2563 pro
710 2483 814 2544 mundi
825 2484 901 2546 vita.
913 2485 956 2546 Et
966 2483 1025 2545 nisi
1036 2483 1293 2547 manducaveritis
1315 2550 1318 2556 ,

298 2601 418 2645 carnem
433 2579 485 2642 filii
500 2579 646 2654 hominiS,
669 2588 700 2643 et
713 2581 849 2644 biberitis
866 2583 931 2667 ejus
945 2583 1137 2666 sanguinem,
1159 2604 1220 2645 non
1240 2583 1293 2647 ha-

297 2679 407 2742 bebitis
421 2679 517 2742 vitam
538 2680 569 2741 in
589 2679 685 2742 vobis.
710 2712 722 2733 ιι
749 2682 802 2742 Ex
821 2680 929 2764 quibus
950 2681 1073 2745 Domini
1093 2681 1195 2744 verbis
1217 2690 1292 2746 ortae

298 2788 369 2843 sunt
386 2779 453 2842 duae
471 2780 602 2844 haereses
618 2779 751 2862 antiquis
766 2780 964 2863 temporibus.
987 2782 1030 2844 Et
1045 2780 1075 2842 in
1090 2781 1148 2843 hoc
1169 2782 1291 2863 quidem

267 2952 272 2956 ,
298 2887 512 2943 consenserunt
529 2900 652 2954 omnes,
681 2880 764 2961 quod
783 2880 872 2963 panis
891 2888 923 2942 et
945 2871 1049 2943 uinum
1070 2881 1101 2942 in
1115 2902 1220 2945 veram
1239 2884 1293 2946 filii

298 2980 427 3043 hominis
438 3000 571 3058 carnem,
585 3000 753 3062 verumque
765 2982 830 3065 ejus
842 2980 1021 3064 sanguinem
1030 2988 1287 3047 converterentur.

297 3078 359 3142 Sed
374 3080 441 3163 quis
452 3087 534 3143 esset
545 3079 602 3142 iste
613 3079 692 3141 filius
703 3078 850 3153 hominis,
868 3100 927 3141 non
941 3099 1046 3141 omnes
1060 3081 1200 3143 eamdem
1219 3103 1292 3146 sen·
1363 3095 1375 3105 '

297 3179 425 3267 tentiam
447 3186 616 3242 tenuerunt.
642 3179 775 3255 Quidam
794 3177 933 3241 arbitrati
953 3185 1024 3240 sunt
1046 3177 1126 3241 hunc
1150 3189 1292 3262 oportere

296 3277 423 3364 intelligi
437 3279 603 3361 quemlibet
613 3278 780 3353 hominem,
796 3277 860 3340 sive
874 3279 1002 3363 justum,
1020 3277 1083 3362 sive
1097 3286 1291 3360 peccatorem

297 3378 326 3438 in
342 3379 427 3463 cujus
442 3398 563 3440 carnem
580 3398 616 3439 ac
629 3378 808 3461 sanguinem
823 3397 969 3440 conversa
984 3384 1104 3440 terrena
1118 3380 1293 3446 substantia

256 3527 261 3535 .
296 3484 464 3539 sumeretur
479 3477 510 3538 in
526 3476 733 3539 remissionem
752 3485 956 3560 peccatorum.
978 3477 1042 3540 Alii
1060 3478 1199 3544 arbitrati
1218 3492 1292 3546 sunt

295 3594 355 3636 non
378 3574 458 3636 hunc
478 3595 544 3637 esse
564 3575 709 3638 deturba
728 3577 895 3660 quemlibet
914 3577 1084 3653 hominem,
1110 3580 1164 3641 sed
1188 3581 1290 3644 virum

292 3673 420 3757 justum,
436 3673 667 3748 sanctificatum,
689 3696 708 3736 a
727 3678 878 3738 communi
898 3677 1053 3740 hominum
1071 3677 1136 3742 vita
1154 3699 1211 3760 per
1225 3701 1290 3744 suae

294 3771 364 3834 vitae
375 3772 583 3836 celsitudinem
603 3782 807 3857 segregatum,
822 3776 874 3858 qui
889 3777 1036 3859 templum
1050 3777 1110 3841 Dei
1124 3789 1220 3850 esset,
1235 3782 1290 3863 qui

294 3871 427 3935 divinam
443 3873 521 3936 inse
537 3873 754 3936 habitationem
773 3875 929 3939 verissime
949 3877 1129 3960 possideret.
1147 3878 1182 3941 In
1198 3878 1289 3966 hujus

293 3992 429 4049 carnem,
449 3994 485 4036 ac
499 3973 675 4058 sanguinem
695 3977 876 4039 commutari
893 3998 984 4059 posse
997 3999 1109 4061 panem
1120 3977 1289 4064 vinumque

292 4071 416 4144 altaris,
441 4071 582 4135 haeretica
601 4072 767 4154 pertinacia
790 4075 970 4139 delirabant.
1002 4078 1132 4140 Factum
1156 4087 1204 4144 est
1229 4081 1288 4146 hoc

292 4170 397 4252 paucis
419 4170 506 4233 annis
524 4179 595 4253 post
612 4172 727 4236 obitum
748 4174 829 4238 beati
850 4177 1034 4260 Augustini,
1064 4183 1201 4260 tempore
1222 4179 1288 4243 Cae-

292 4269 392 4332 lestini
402 4270 505 4353 Papa,
523 4277 556 4332 et
569 4270 675 4355 Cyrilli
686 4270 887 4336 Alexandrini
904 4275 1063 4360 Episcopi,
1080 4277 1188 4359 quibus
1204 4299 1286 4361 prae-
