<?xml version="1.0" encoding="UTF-8"?>
<!DOCTYPE html PUBLIC "-//W3C//DTD XHTML 1.0 Transitional//EN"
    "http://www.w3.org/TR/xhtml1/DTD/xhtml1-transitional.dtd">
<html xmlns="http://www.w3.org/1999/xhtml" xml:lang="en" lang="en">
 <head>
  <title>
</title>
<meta http-equiv="Content-Type" content="text/html;charset=utf-8" />
  <meta name='ocr-system' content='tesseract 3.04.00' />
  <meta name='ocr-capabilities' content='ocr_page ocr_carea ocr_par ocr_line ocrx_word'/>
</head>
<body>
  <div class='ocr_page' id='page_1' title='image "./operaquaesupers00lanfgoog_0070.png"; bbox 0 0 3184 5442; ppageno 0'>
   <div class='ocr_carea' id='block_1_1' title="bbox 296 687 904 748">
    <p class='ocr_par' dir='ltr' id='par_1_1' title="bbox 296 687 904 748">
     <span class='ocr_line' id='line_1_1' title="bbox 296 687 904 748; baseline -0.005 0"><span class='ocrx_word' id='word_1_1' title='bbox 296 687 337 748; x_wconf 72' lang='lat'>74</span> <span class='ocrx_word' id='word_1_2' title='bbox 670 705 701 746; x_wconf 89' lang='lat' dir='ltr'>u.</span> <span class='ocrx_word' id='word_1_3' title='bbox 728 703 904 746; x_wconf 74' lang='lat' dir='ltr'>musaeum</span> 
     </span>
    </p>
   </div>
   <div class='ocr_carea' id='block_1_2' title="bbox 294 846 1295 2916">
    <p class='ocr_par' dir='ltr' id='par_1_2' title="bbox 294 846 1295 2916">
     <span class='ocr_line' id='line_1_2' title="bbox 294 846 1292 933; baseline 0.002 -19"><span class='ocrx_word' id='word_1_4' title='bbox 294 850 373 915; x_wconf 88' lang='lat' dir='ltr'>euim</span> <span class='ocrx_word' id='word_1_5' title='bbox 389 856 513 933; x_wconf 89' lang='lat' dir='ltr'>propter</span> <span class='ocrx_word' id='word_1_6' title='bbox 526 870 582 912; x_wconf 89' lang='lat' dir='ltr'>vos</span> <span class='ocrx_word' id='word_1_7' title='bbox 598 846 741 921; x_wconf 81' lang='lat' dir='ltr'>facimus,</span> <span class='ocrx_word' id='word_1_8' title='bbox 757 847 829 930; x_wconf 90' lang='lat' dir='ltr'>quia</span> <span class='ocrx_word' id='word_1_9' title='bbox 843 847 908 911; x_wconf 89' lang='lat' dir='ltr'>sive</span> <span class='ocrx_word' id='word_1_10' title='bbox 928 853 1030 911; x_wconf 88' lang='lat' dir='ltr'>mente</span> <span class='ocrx_word' id='word_1_11' title='bbox 1049 850 1242 927; x_wconf 78' lang='lat' dir='ltr'><strong>excedimus,</strong></span> <span class='ocrx_word' id='word_1_12' title='bbox 1259 854 1292 916; x_wconf 90' lang='lat' dir='ltr'>id</span> 
     </span>
     <span class='ocr_line' id='line_1_3' title="bbox 294 947 1292 1032; baseline 0.004 -19"><span class='ocrx_word' id='word_1_13' title='bbox 294 957 353 1023; x_wconf 90' lang='lat' dir='ltr'>est,</span> <span class='ocrx_word' id='word_1_14' title='bbox 375 947 524 1031; x_wconf 87' lang='lat' dir='ltr'>profunda</span> <span class='ocrx_word' id='word_1_15' title='bbox 547 947 715 1012; x_wconf 86' lang='lat' dir='ltr'>divinitatis</span> <span class='ocrx_word' id='word_1_16' title='bbox 734 948 952 1032; x_wconf 72' lang='lat' dir='ltr'>praedicamus;</span> <span class='ocrx_word' id='word_1_17' title='bbox 975 955 1008 1012; x_wconf 91' lang='lat' dir='ltr'>et</span> <span class='ocrx_word' id='word_1_18' title='bbox 1027 949 1084 1013; x_wconf 92' lang='lat' dir='ltr'>hoc</span> <span class='ocrx_word' id='word_1_19' title='bbox 1105 951 1146 1013; x_wconf 90' lang='lat' dir='ltr'>ad</span> <span class='ocrx_word' id='word_1_20' title='bbox 1168 951 1292 1017; x_wconf 89' lang='lat' dir='ltr'>laudem</span> 
     </span>
     <span class='ocr_line' id='line_1_4' title="bbox 294 1047 1293 1124; baseline 0.006 -13"><span class='ocrx_word' id='word_1_21' title='bbox 294 1048 363 1111; x_wconf 91' lang='lat' dir='ltr'>Dei.</span> <span class='ocrx_word' id='word_1_22' title='bbox 375 1048 448 1112; x_wconf 88' lang='lat' dir='ltr'>Sive</span> <span class='ocrx_word' id='word_1_23' title='bbox 457 1047 548 1111; x_wconf 82' lang='lat' dir='ltr'>sobrii</span> <span class='ocrx_word' id='word_1_24' title='bbox 560 1069 676 1122; x_wconf 90' lang='lat' dir='ltr'>sumus,</span> <span class='ocrx_word' id='word_1_25' title='bbox 691 1048 723 1110; x_wconf 93' lang='lat' dir='ltr'>id</span> <span class='ocrx_word' id='word_1_26' title='bbox 734 1056 793 1124; x_wconf 89' lang='lat' dir='ltr'>est,</span> <span class='ocrx_word' id='word_1_27' title='bbox 809 1047 999 1111; x_wconf 89' lang='lat' dir='ltr'>subditorum</span> <span class='ocrx_word' id='word_1_28' title='bbox 1010 1047 1107 1112; x_wconf 90' lang='lat' dir='ltr'>vitam</span> <span class='ocrx_word' id='word_1_29' title='bbox 1116 1049 1293 1117; x_wconf 91' lang='lat' dir='ltr'>intermissa</span> 
     </span>
     <span class='ocr_line' id='line_1_5' title="bbox 295 1147 1293 1232; baseline 0.003 -20"><span class='ocrx_word' id='word_1_30' title='bbox 295 1147 560 1230; x_wconf 79' lang='lat' dir='ltr'>contemplatione,</span> <span class='ocrx_word' id='word_1_31' title='bbox 575 1148 697 1225; x_wconf 89' lang='lat' dir='ltr'>divina,</span> <span class='ocrx_word' id='word_1_32' title='bbox 714 1148 865 1224; x_wconf 90' lang='lat' dir='ltr'>humana,</span> <span class='ocrx_word' id='word_1_33' title='bbox 883 1155 1150 1232; x_wconf 78' lang='lat' dir='ltr'>contemperantes</span> <span class='ocrx_word' id='word_1_34' title='bbox 1173 1151 1293 1216; x_wconf 89' lang='lat' dir='ltr'>ordina-</span> 
     </span>
     <span class='ocr_line' id='line_1_6' title="bbox 296 1245 1293 1334; baseline 0.005 -25"><span class='ocrx_word' id='word_1_35' title='bbox 296 1267 373 1310; x_wconf 89' lang='lat' dir='ltr'>mus.</span> <span class='ocrx_word' id='word_1_36' title='bbox 402 1282 442 1294; x_wconf 93' lang='lat'><em>-</em></span> <span class='ocrx_word' id='word_1_37' title='bbox 466 1248 676 1308; x_wconf 74' lang='lat' dir='ltr'>AEsrtmanteo</span> <span class='ocrx_word' id='word_1_38' title='bbox 687 1245 758 1309; x_wconf 82' lang='lat' dir='ltr'>hoe.</span> <span class='ocrx_word' id='word_1_39' title='bbox 776 1245 1033 1331; x_wconf 75' lang='lat' dir='ltr'>]ExistimamUS,</span> <span class='ocrx_word' id='word_1_40' title='bbox 1052 1247 1163 1330; x_wconf 88' lang='lat' dir='ltr'>iuquit,</span> <span class='ocrx_word' id='word_1_41' title='bbox 1180 1251 1293 1334; x_wconf 87' lang='lat' dir='ltr'>quiasi</span> 
     </span>
     <span class='ocr_line' id='line_1_7' title="bbox 297 1345 1293 1430; baseline 0.002 -20"><span class='ocrx_word' id='word_1_42' title='bbox 297 1345 437 1410; x_wconf 85' lang='lat' dir='ltr'>Christus</span> <span class='ocrx_word' id='word_1_43' title='bbox 450 1367 505 1430; x_wconf 94' lang='lat' dir='ltr'>pro</span> <span class='ocrx_word' id='word_1_44' title='bbox 516 1347 655 1410; x_wconf 89' lang='lat' dir='ltr'>omnibus</span> <span class='ocrx_word' id='word_1_45' title='bbox 670 1355 809 1412; x_wconf 85' lang='lat' dir='ltr'>mortuus</span> <span class='ocrx_word' id='word_1_46' title='bbox 819 1354 878 1422; x_wconf 86' lang='lat' dir='ltr'>est,</span> <span class='ocrx_word' id='word_1_47' title='bbox 897 1354 929 1410; x_wconf 90' lang='lat' dir='ltr'>et</span> <span class='ocrx_word' id='word_1_48' title='bbox 943 1368 1049 1410; x_wconf 84' lang='lat' dir='ltr'>onmes</span> <span class='ocrx_word' id='word_1_49' title='bbox 1065 1346 1204 1412; x_wconf 90' lang='lat' dir='ltr'>homines</span> <span class='ocrx_word' id='word_1_50' title='bbox 1214 1349 1293 1412; x_wconf 87' lang='lat' dir='ltr'>mori</span> 
     </span>
     <span class='ocr_line' id='line_1_8' title="bbox 297 1444 1293 1532; baseline 0.004 -25"><span class='ocrx_word' id='word_1_51' title='bbox 297 1444 410 1510; x_wconf 86' lang='lat' dir='ltr'>debent</span> <span class='ocrx_word' id='word_1_52' title='bbox 423 1468 478 1530; x_wconf 93' lang='lat' dir='ltr'>pro</span> <span class='ocrx_word' id='word_1_53' title='bbox 489 1447 602 1510; x_wconf 89' lang='lat' dir='ltr'>honore</span> <span class='ocrx_word' id='word_1_54' title='bbox 615 1446 706 1509; x_wconf 90' lang='lat' dir='ltr'>illius.</span> <span class='ocrx_word' id='word_1_55' title='bbox 732 1481 772 1495; x_wconf 93' lang='lat'>—</span> <span class='ocrx_word' id='word_1_56' title='bbox 796 1447 842 1508; x_wconf 86' lang='lat' dir='ltr'>Et</span> <span class='ocrx_word' id='word_1_57' title='bbox 854 1469 919 1532; x_wconf 86' lang='lat' dir='ltr'>pro</span> <span class='ocrx_word' id='word_1_58' title='bbox 932 1446 1075 1509; x_wconf 80' lang='lat' dir='ltr'>ommbus</span> <span class='ocrx_word' id='word_1_59' title='bbox 1089 1461 1232 1510; x_wconf 71' lang='lat' dir='ltr'>mortuus</span> <span class='ocrx_word' id='word_1_60' title='bbox 1245 1461 1293 1512; x_wconf 80' lang='lat' dir='ltr'>est</span> 
     </span>
     <span class='ocr_line' id='line_1_9' title="bbox 301 1541 1288 1631; baseline 0.006 -25"><span class='ocrx_word' id='word_1_61' title='bbox 301 1541 457 1608; x_wconf 78' lang='lat' dir='ltr'>Christus.</span> <span class='ocrx_word' id='word_1_62' title='bbox 475 1545 581 1631; x_wconf 85' lang='lat' dir='ltr'>]Erg0</span> <span class='ocrx_word' id='word_1_63' title='bbox 595 1544 667 1627; x_wconf 88' lang='lat' dir='ltr'>quia</span> <span class='ocrx_word' id='word_1_64' title='bbox 683 1544 824 1609; x_wconf 86' lang='lat' dir='ltr'>Christus</span> <span class='ocrx_word' id='word_1_65' title='bbox 848 1552 987 1610; x_wconf 87' lang='lat' dir='ltr'>mortuus</span> <span class='ocrx_word' id='word_1_66' title='bbox 1002 1552 1051 1610; x_wconf 89' lang='lat' dir='ltr'>est</span> <span class='ocrx_word' id='word_1_67' title='bbox 1064 1567 1120 1629; x_wconf 94' lang='lat' dir='ltr'>pro</span> <span class='ocrx_word' id='word_1_68' title='bbox 1137 1547 1288 1622; x_wconf 86' lang='lat' dir='ltr'>omnibus,</span> 
     </span>
     <span class='ocr_line' id='line_1_10' title="bbox 296 1644 1293 1728; baseline 0.007 -22"><span class='ocrx_word' id='word_1_69' title='bbox 296 1644 449 1709; x_wconf 89' lang='lat' dir='ltr'>nemiuem</span> <span class='ocrx_word' id='word_1_70' title='bbox 472 1645 675 1728; x_wconf 87' lang='lat' dir='ltr'>approbamus</span> <span class='ocrx_word' id='word_1_71' title='bbox 696 1645 861 1709; x_wconf 88' lang='lat' dir='ltr'>secundum</span> <span class='ocrx_word' id='word_1_72' title='bbox 883 1667 1006 1710; x_wconf 89' lang='lat' dir='ltr'>carnem</span> <span class='ocrx_word' id='word_1_73' title='bbox 1033 1647 1198 1711; x_wconf 89' lang='lat' dir='ltr'>viventem.</span> <span class='ocrx_word' id='word_1_74' title='bbox 1222 1649 1293 1713; x_wconf 84' lang='lat' dir='ltr'>Etsi</span> 
     </span>
     <span class='ocr_line' id='line_1_11' title="bbox 298 1745 1293 1830; baseline 0.004 -22"><span class='ocrx_word' id='word_1_75' title='bbox 298 1745 439 1828; x_wconf 81' lang='lat' dir='ltr'>cognovit</span> <span class='ocrx_word' id='word_1_76' title='bbox 458 1747 636 1828; x_wconf 87' lang='lat' dir='ltr'>priusquam</span> <span class='ocrx_word' id='word_1_77' title='bbox 658 1745 691 1808; x_wconf 92' lang='lat' dir='ltr'>in</span> <span class='ocrx_word' id='word_1_78' title='bbox 707 1745 862 1809; x_wconf 88' lang='lat' dir='ltr'>Christum</span> <span class='ocrx_word' id='word_1_79' title='bbox 886 1747 1024 1809; x_wconf 88' lang='lat' dir='ltr'>crederet</span> <span class='ocrx_word' id='word_1_80' title='bbox 1041 1747 1226 1830; x_wconf 75' lang='lat' dir='ltr'>ApostoluS,</span> <span class='ocrx_word' id='word_1_81' title='bbox 1243 1768 1293 1812; x_wconf 89' lang='lat' dir='ltr'>se·</span> 
     </span>
     <span class='ocr_line' id='line_1_12' title="bbox 298 1842 1291 1928; baseline 0.004 -20"><span class='ocrx_word' id='word_1_82' title='bbox 298 1842 430 1908; x_wconf 88' lang='lat' dir='ltr'>cundum</span> <span class='ocrx_word' id='word_1_83' title='bbox 445 1865 567 1908; x_wconf 88' lang='lat' dir='ltr'>carnem</span> <span class='ocrx_word' id='word_1_84' title='bbox 582 1844 669 1909; x_wconf 88' lang='lat' dir='ltr'>novit</span> <span class='ocrx_word' id='word_1_85' title='bbox 680 1866 760 1919; x_wconf 90' lang='lat' dir='ltr'>eum,</span> <span class='ocrx_word' id='word_1_86' title='bbox 776 1845 849 1928; x_wconf 87' lang='lat' dir='ltr'>quia</span> <span class='ocrx_word' id='word_1_87' title='bbox 859 1846 1013 1909; x_wconf 91' lang='lat' dir='ltr'>hominem</span> <span class='ocrx_word' id='word_1_88' title='bbox 1024 1853 1144 1910; x_wconf 90' lang='lat' dir='ltr'>tantum</span> <span class='ocrx_word' id='word_1_89' title='bbox 1155 1849 1291 1912; x_wconf 77' lang='lat' dir='ltr'>aestima-</span> 
     </span>
     <span class='ocr_line' id='line_1_13' title="bbox 297 1944 1293 2032; baseline 0.005 -25"><span class='ocrx_word' id='word_1_90' title='bbox 297 1945 361 2008; x_wconf 85' lang='lat' dir='ltr'>bat.</span> <span class='ocrx_word' id='word_1_91' title='bbox 387 1980 427 1994; x_wconf 93' lang='lat'>—</span> <span class='ocrx_word' id='word_1_92' title='bbox 451 1945 563 2032; x_wconf 80' lang='lat' dir='ltr'>Itaque</span> <span class='ocrx_word' id='word_1_93' title='bbox 584 1969 658 2008; x_wconf 78' lang='lat' dir='ltr'>cos.</span> <span class='ocrx_word' id='word_1_94' title='bbox 673 1944 685 2031; x_wconf 87' lang='lat'>]</span> <span class='ocrx_word' id='word_1_95' title='bbox 701 1945 737 2008; x_wconf 90' lang='lat' dir='ltr'>Id</span> <span class='ocrx_word' id='word_1_96' title='bbox 755 1952 814 2021; x_wconf 86' lang='lat' dir='ltr'>est,</span> <span class='ocrx_word' id='word_1_97' title='bbox 838 1945 910 2028; x_wconf 89' lang='lat' dir='ltr'>quia</span> <span class='ocrx_word' id='word_1_98' title='bbox 920 1945 1062 2010; x_wconf 90' lang='lat' dir='ltr'>Christus</span> <span class='ocrx_word' id='word_1_99' title='bbox 1082 1967 1138 2029; x_wconf 91' lang='lat' dir='ltr'>pro</span> <span class='ocrx_word' id='word_1_100' title='bbox 1153 1947 1293 2013; x_wconf 90' lang='lat' dir='ltr'>omnibus</span> 
     </span>
     <span class='ocr_line' id='line_1_14' title="bbox 299 2045 1294 2129; baseline 0.005 -22"><span class='ocrx_word' id='word_1_101' title='bbox 299 2051 436 2108; x_wconf 86' lang='lat' dir='ltr'>mortuus</span> <span class='ocrx_word' id='word_1_102' title='bbox 448 2054 506 2122; x_wconf 90' lang='lat' dir='ltr'>est,</span> <span class='ocrx_word' id='word_1_103' title='bbox 524 2054 560 2108; x_wconf 90' lang='lat' dir='ltr'>ut</span> <span class='ocrx_word' id='word_1_104' title='bbox 571 2067 676 2109; x_wconf 89' lang='lat' dir='ltr'>ornnes</span> <span class='ocrx_word' id='word_1_105' title='bbox 688 2066 744 2129; x_wconf 94' lang='lat' dir='ltr'>pro</span> <span class='ocrx_word' id='word_1_106' title='bbox 759 2045 873 2108; x_wconf 89' lang='lat' dir='ltr'>honore</span> <span class='ocrx_word' id='word_1_107' title='bbox 883 2046 963 2109; x_wconf 87' lang='lat' dir='ltr'>illius</span> <span class='ocrx_word' id='word_1_108' title='bbox 976 2046 1156 2110; x_wconf 89' lang='lat' dir='ltr'>moriantur.</span> <span class='ocrx_word' id='word_1_109' title='bbox 1170 2047 1220 2110; x_wconf 86' lang='lat' dir='ltr'>Ex</span> <span class='ocrx_word' id='word_1_110' title='bbox 1235 2048 1294 2113; x_wconf 90' lang='lat' dir='ltr'>hac</span> 
     </span>
     <span class='ocr_line' id='line_1_15' title="bbox 299 2146 1292 2229; baseline 0.004 -22"><span class='ocrx_word' id='word_1_111' title='bbox 299 2146 539 2210; x_wconf 83' lang='lat' dir='ltr'>consideratione</span> <span class='ocrx_word' id='word_1_112' title='bbox 551 2146 705 2209; x_wconf 89' lang='lat' dir='ltr'>neminem</span> <span class='ocrx_word' id='word_1_113' title='bbox 719 2146 871 2222; x_wconf 87' lang='lat' dir='ltr'>novimus,</span> <span class='ocrx_word' id='word_1_114' title='bbox 890 2147 922 2209; x_wconf 93' lang='lat' dir='ltr'>id</span> <span class='ocrx_word' id='word_1_115' title='bbox 940 2154 1004 2222; x_wconf 90' lang='lat' dir='ltr'>est,</span> <span class='ocrx_word' id='word_1_116' title='bbox 1019 2148 1224 2229; x_wconf 88' lang='lat' dir='ltr'>approbamus</span> <span class='ocrx_word' id='word_1_117' title='bbox 1242 2169 1292 2211; x_wconf 88' lang='lat' dir='ltr'>se-</span> 
     </span>
     <span class='ocr_line' id='line_1_16' title="bbox 298 2244 1293 2330; baseline 0.003 -22"><span class='ocrx_word' id='word_1_118' title='bbox 298 2244 431 2308; x_wconf 90' lang='lat' dir='ltr'>cundum</span> <span class='ocrx_word' id='word_1_119' title='bbox 448 2267 569 2308; x_wconf 87' lang='lat' dir='ltr'>carnem</span> <span class='ocrx_word' id='word_1_120' title='bbox 584 2245 751 2320; x_wconf 87' lang='lat' dir='ltr'>viventem,</span> <span class='ocrx_word' id='word_1_121' title='bbox 767 2256 799 2309; x_wconf 91' lang='lat' dir='ltr'>et</span> <span class='ocrx_word' id='word_1_122' title='bbox 818 2268 875 2310; x_wconf 91' lang='lat' dir='ltr'>sua</span> <span class='ocrx_word' id='word_1_123' title='bbox 886 2253 1083 2329; x_wconf 78' lang='lat' dir='ltr'>quaerentem,</span> <span class='ocrx_word' id='word_1_124' title='bbox 1102 2252 1135 2310; x_wconf 92' lang='lat' dir='ltr'>et</span> <span class='ocrx_word' id='word_1_125' title='bbox 1146 2266 1208 2309; x_wconf 89' lang='lat' dir='ltr'>non</span> <span class='ocrx_word' id='word_1_126' title='bbox 1224 2268 1293 2330; x_wconf 85' lang='lat' dir='ltr'>quae</span> 
     </span>
     <span class='ocr_line' id='line_1_17' title="bbox 299 2342 1293 2430; baseline 0.005 -25"><span class='ocrx_word' id='word_1_127' title='bbox 299 2342 374 2406; x_wconf 91' lang='lat' dir='ltr'>Jesu</span> <span class='ocrx_word' id='word_1_128' title='bbox 385 2343 509 2406; x_wconf 87' lang='lat' dir='ltr'>Christi.</span> <span class='ocrx_word' id='word_1_129' title='bbox 535 2381 579 2391; x_wconf 94' lang='lat'>-</span> <span class='ocrx_word' id='word_1_130' title='bbox 601 2345 685 2406; x_wconf 82' lang='lat' dir='ltr'>Etsi</span> <span class='ocrx_word' id='word_1_131' title='bbox 698 2352 852 2408; x_wconf 76' lang='lat' dir='ltr'>novimas.</span> <span class='ocrx_word' id='word_1_132' title='bbox 871 2344 882 2430; x_wconf 92' lang='lat'>]</span> <span class='ocrx_word' id='word_1_133' title='bbox 896 2347 1079 2430; x_wconf 88' lang='lat' dir='ltr'>Priusquam</span> <span class='ocrx_word' id='word_1_134' title='bbox 1093 2347 1125 2408; x_wconf 91' lang='lat' dir='ltr'>in</span> <span class='ocrx_word' id='word_1_135' title='bbox 1137 2345 1293 2410; x_wconf 87' lang='lat' dir='ltr'>Christum</span> 
     </span>
     <span class='ocr_line' id='line_1_18' title="bbox 299 2441 1290 2530; baseline 0.005 -26"><span class='ocrx_word' id='word_1_136' title='bbox 299 2441 435 2504; x_wconf 88' lang='lat' dir='ltr'>crederet</span> <span class='ocrx_word' id='word_1_137' title='bbox 454 2442 639 2524; x_wconf 83' lang='lat' dir='ltr'>Apostolus,</span> <span class='ocrx_word' id='word_1_138' title='bbox 664 2443 832 2507; x_wconf 89' lang='lat' dir='ltr'>secundum</span> <span class='ocrx_word' id='word_1_139' title='bbox 857 2465 979 2508; x_wconf 88' lang='lat' dir='ltr'>earnem</span> <span class='ocrx_word' id='word_1_140' title='bbox 1000 2453 1185 2530; x_wconf 86' lang='lat' dir='ltr'>cognoverat</span> <span class='ocrx_word' id='word_1_141' title='bbox 1207 2466 1290 2521; x_wconf 90' lang='lat' dir='ltr'>eum,</span> 
     </span>
     <span class='ocr_line' id='line_1_19' title="bbox 299 2539 1294 2632; baseline 0.008 -31"><span class='ocrx_word' id='word_1_142' title='bbox 299 2539 370 2622; x_wconf 90' lang='lat' dir='ltr'>quia</span> <span class='ocrx_word' id='word_1_143' title='bbox 383 2542 595 2605; x_wconf 90' lang='lat' dir='ltr'>tantummodo</span> <span class='ocrx_word' id='word_1_144' title='bbox 607 2543 760 2606; x_wconf 91' lang='lat' dir='ltr'>hominem</span> <span class='ocrx_word' id='word_1_145' title='bbox 776 2543 959 2608; x_wconf 74' lang='lat' dir='ltr'>aestimabat.</span> <span class='ocrx_word' id='word_1_146' title='bbox 987 2581 1027 2593; x_wconf 93' lang='lat'>—</span> <span class='ocrx_word' id='word_1_147' title='bbox 1051 2545 1220 2608; x_wconf 81' lang='lat' dir='ltr'>Peccatum</span> <span class='ocrx_word' id='word_1_148' title='bbox 1232 2545 1294 2632; x_wconf 86' lang='lat' dir='ltr'>fe-</span> 
     </span>
     <span class='ocr_line' id='line_1_20' title="bbox 300 2637 1295 2729; baseline 0.011 -30"><span class='ocrx_word' id='word_1_149' title='bbox 300 2645 354 2701; x_wconf 85' lang='lat' dir='ltr'>eit.</span> <span class='ocrx_word' id='word_1_150' title='bbox 369 2637 381 2724; x_wconf 87' lang='lat'>]</span> <span class='ocrx_word' id='word_1_151' title='bbox 396 2639 491 2704; x_wconf 92' lang='lat' dir='ltr'>Ordo.</span> <span class='ocrx_word' id='word_1_152' title='bbox 505 2643 611 2707; x_wconf 89' lang='lat' dir='ltr'>Deus:</span> <span class='ocrx_word' id='word_1_153' title='bbox 625 2639 719 2708; x_wconf 76' lang='lat' dir='ltr'>Pater</span> <span class='ocrx_word' id='word_1_154' title='bbox 735 2644 891 2707; x_wconf 91' lang='lat' dir='ltr'>Christum</span> <span class='ocrx_word' id='word_1_155' title='bbox 912 2657 1084 2729; x_wconf 90' lang='lat' dir='ltr'>peccatum,</span> <span class='ocrx_word' id='word_1_156' title='bbox 1101 2647 1133 2708; x_wconf 91' lang='lat' dir='ltr'>id</span> <span class='ocrx_word' id='word_1_157' title='bbox 1149 2653 1206 2721; x_wconf 91' lang='lat' dir='ltr'>est,</span> <span class='ocrx_word' id='word_1_158' title='bbox 1225 2647 1295 2710; x_wconf 76' lang='lat' dir='ltr'>hos</span> 
     </span>
     <span class='ocr_line' id='line_1_21' title="bbox 299 2738 1291 2832; baseline 0.009 -31"><span class='ocrx_word' id='word_1_159' title='bbox 299 2738 374 2802; x_wconf 91' lang='lat' dir='ltr'>tiam</span> <span class='ocrx_word' id='word_1_160' title='bbox 395 2760 449 2823; x_wconf 93' lang='lat' dir='ltr'>pro</span> <span class='ocrx_word' id='word_1_161' title='bbox 471 2751 615 2823; x_wconf 88' lang='lat' dir='ltr'>peecato;</span> <span class='ocrx_word' id='word_1_162' title='bbox 637 2752 672 2808; x_wconf 90' lang='lat' dir='ltr'>ut</span> <span class='ocrx_word' id='word_1_163' title='bbox 691 2766 747 2807; x_wconf 85' lang='lat' dir='ltr'>uos</span> <span class='ocrx_word' id='word_1_164' title='bbox 767 2745 954 2809; x_wconf 89' lang='lat' dir='ltr'>efficeremur</span> <span class='ocrx_word' id='word_1_165' title='bbox 973 2747 1131 2832; x_wconf 85' lang='lat' dir='ltr'>justificati</span> <span class='ocrx_word' id='word_1_166' title='bbox 1154 2747 1185 2808; x_wconf 90' lang='lat' dir='ltr'>in</span> <span class='ocrx_word' id='word_1_167' title='bbox 1206 2747 1291 2830; x_wconf 86' lang='lat' dir='ltr'>ipso,</span> 
     </span>
     <span class='ocr_line' id='line_1_22' title="bbox 300 2838 744 2916; baseline 0.011 -15"><span class='ocrx_word' id='word_1_168' title='bbox 300 2838 332 2901; x_wconf 92' lang='lat' dir='ltr'>id</span> <span class='ocrx_word' id='word_1_169' title='bbox 347 2849 405 2916; x_wconf 90' lang='lat' dir='ltr'>est,</span> <span class='ocrx_word' id='word_1_170' title='bbox 418 2841 447 2903; x_wconf 91' lang='lat' dir='ltr'>in</span> <span class='ocrx_word' id='word_1_171' title='bbox 458 2844 517 2906; x_wconf 91' lang='lat' dir='ltr'>fide</span> <span class='ocrx_word' id='word_1_172' title='bbox 529 2844 550 2906; x_wconf 92' lang='lat' dir='ltr'><strong>J</strong></span> <span class='ocrx_word' id='word_1_173' title='bbox 551 2864 605 2907; x_wconf 92' lang='lat' dir='ltr'>esu</span> <span class='ocrx_word' id='word_1_174' title='bbox 617 2844 744 2909; x_wconf 88' lang='lat' dir='ltr'>Christi.</span> 
     </span>
    </p>
   </div>
   <div class='ocr_carea' id='block_1_3' title="bbox 699 3148 866 3206">
    <p class='ocr_par' dir='ltr' id='par_1_3' title="bbox 699 3148 866 3206">
     <span class='ocr_line' id='line_1_23' title="bbox 699 3148 866 3206; baseline -0.012 1"><span class='ocrx_word' id='word_1_175' title='bbox 699 3148 795 3206; x_wconf 66' lang='lat' dir='ltr'>&#39;cam</span> <span class='ocrx_word' id='word_1_176' title='bbox 822 3164 866 3205; x_wconf 86' lang='lat' dir='ltr'>vr.</span> 
     </span>
    </p>
   </div>
   <div class='ocr_carea' id='block_1_4' title="bbox 299 3334 1298 4318">
    <p class='ocr_par' dir='ltr' id='par_1_4' title="bbox 299 3334 1298 4318">
     <span class='ocr_line' id='line_1_24' title="bbox 348 3334 1294 3422; baseline -0.001 -22"><span class='ocrx_word' id='word_1_177' title='bbox 348 3338 494 3401; x_wconf 78' lang='lat' dir='ltr'>Gratiam</span> <span class='ocrx_word' id='word_1_178' title='bbox 505 3338 594 3422; x_wconf 68' lang='lat' dir='ltr'>Dea]</span> <span class='ocrx_word' id='word_1_179' title='bbox 611 3373 649 3386; x_wconf 89' lang='lat'>-</span> <span class='ocrx_word' id='word_1_180' title='bbox 666 3337 808 3401; x_wconf 86' lang='lat' dir='ltr'>Gratiam</span> <span class='ocrx_word' id='word_1_181' title='bbox 822 3335 881 3399; x_wconf 93' lang='lat' dir='ltr'>Dei</span> <span class='ocrx_word' id='word_1_182' title='bbox 892 3343 983 3399; x_wconf 81' lang='lat' dir='ltr'>vocat</span> <span class='ocrx_word' id='word_1_183' title='bbox 997 3334 1205 3399; x_wconf 88' lang='lat' dir='ltr'>remissionem</span> <span class='ocrx_word' id='word_1_184' title='bbox 1220 3357 1294 3418; x_wconf 89' lang='lat' dir='ltr'>peo-</span> 
     </span>
     <span class='ocr_line' id='line_1_25' title="bbox 300 3434 1296 3519; baseline -0.003 -17"><span class='ocrx_word' id='word_1_185' title='bbox 300 3446 452 3510; x_wconf 82' lang='lat' dir='ltr'>oatorum3</span> <span class='ocrx_word' id='word_1_186' title='bbox 471 3459 563 3518; x_wconf 90' lang='lat' dir='ltr'>quam</span> <span class='ocrx_word' id='word_1_187' title='bbox 587 3437 619 3498; x_wconf 91' lang='lat' dir='ltr'>in</span> <span class='ocrx_word' id='word_1_188' title='bbox 641 3457 772 3500; x_wconf 88' lang='lat' dir='ltr'>vacuum</span> <span class='ocrx_word' id='word_1_189' title='bbox 797 3434 919 3519; x_wconf 84' lang='lat' dir='ltr'>recipit,</span> <span class='ocrx_word' id='word_1_190' title='bbox 936 3435 1073 3518; x_wconf 84' lang='lat' dir='ltr'>quisquis</span> <span class='ocrx_word' id='word_1_191' title='bbox 1097 3457 1130 3498; x_wconf 90' lang='lat' dir='ltr'>se</span> <span class='ocrx_word' id='word_1_192' title='bbox 1150 3436 1182 3498; x_wconf 89' lang='lat' dir='ltr'>in</span> <span class='ocrx_word' id='word_1_193' title='bbox 1206 3436 1296 3499; x_wconf 90' lang='lat' dir='ltr'>bonis</span> 
     </span>
     <span class='ocr_line' id='line_1_26' title="bbox 300 3531 1297 3619; baseline -0.001 -19"><span class='ocrx_word' id='word_1_194' title='bbox 300 3536 441 3619; x_wconf 88' lang='lat' dir='ltr'>operibus</span> <span class='ocrx_word' id='word_1_195' title='bbox 455 3542 564 3618; x_wconf 86' lang='lat' dir='ltr'>postea</span> <span class='ocrx_word' id='word_1_196' title='bbox 577 3556 638 3597; x_wconf 90' lang='lat' dir='ltr'>non</span> <span class='ocrx_word' id='word_1_197' title='bbox 654 3542 788 3598; x_wconf 86' lang='lat' dir='ltr'>exercet.</span> <span class='ocrx_word' id='word_1_198' title='bbox 817 3568 857 3582; x_wconf 93' lang='lat'><em>-</em></span> <span class='ocrx_word' id='word_1_199' title='bbox 881 3535 941 3597; x_wconf 76' lang='lat' dir='ltr'>Aa</span> <span class='ocrx_word' id='word_1_200' title='bbox 958 3541 1054 3594; x_wconf 84' lang='lat' dir='ltr'>enim.</span> <span class='ocrx_word' id='word_1_201' title='bbox 1072 3531 1085 3616; x_wconf 90' lang='lat'>]</span> <span class='ocrx_word' id='word_1_202' title='bbox 1101 3535 1137 3596; x_wconf 90' lang='lat' dir='ltr'>In</span> <span class='ocrx_word' id='word_1_203' title='bbox 1152 3534 1234 3597; x_wconf 90' lang='lat' dir='ltr'>Isaia</span> <span class='ocrx_word' id='word_1_204' title='bbox 1251 3535 1297 3600; x_wconf 86' lang='lat' dir='ltr'>sic</span> 
     </span>
     <span class='ocr_line' id='line_1_27' title="bbox 299 3629 1297 3719; baseline -0.001 -21"><span class='ocrx_word' id='word_1_205' title='bbox 299 3634 451 3717; x_wconf 88' lang='lat' dir='ltr'>loquitur:</span> <span class='ocrx_word' id='word_1_206' title='bbox 464 3634 504 3695; x_wconf 87' lang='lat' dir='ltr'>In</span> <span class='ocrx_word' id='word_1_207' title='bbox 518 3646 656 3719; x_wconf 83' lang='lat' dir='ltr'>tempore</span> <span class='ocrx_word' id='word_1_208' title='bbox 663 3632 787 3719; x_wconf 83' lang='lat' dir='ltr'>placito</span> <span class='ocrx_word' id='word_1_209' title='bbox 803 3631 953 3695; x_wconf 74' lang='lat' dir='ltr'>exaudivi</span> <span class='ocrx_word' id='word_1_210' title='bbox 965 3645 1014 3708; x_wconf 85' lang='lat' dir='ltr'>te‚·</span> <span class='ocrx_word' id='word_1_211' title='bbox 1024 3643 1055 3692; x_wconf 81' lang='lat' dir='ltr'>et</span> <span class='ocrx_word' id='word_1_212' title='bbox 1069 3638 1103 3691; x_wconf 84' lang='lat' dir='ltr'>in</span> <span class='ocrx_word' id='word_1_213' title='bbox 1115 3629 1168 3691; x_wconf 80' lang='lat' dir='ltr'>die</span> <span class='ocrx_word' id='word_1_214' title='bbox 1180 3633 1297 3697; x_wconf 80' lang='lat' dir='ltr'>salutis</span> 
     </span>
     <span class='ocr_line' id='line_1_28' title="bbox 301 3727 1298 3818; baseline 0.002 -22"><span class='ocrx_word' id='word_1_215' title='bbox 301 3734 476 3797; x_wconf 68' lang='lat' dir='ltr'>auxiliante</span> <span class='ocrx_word' id='word_1_216' title='bbox 495 3757 563 3796; x_wconf 81' lang='lat' dir='ltr'>sum</span> <span class='ocrx_word' id='word_1_217' title='bbox 584 3741 642 3796; x_wconf 82' lang='lat' dir='ltr'>tui.</span> <span class='ocrx_word' id='word_1_218' title='bbox 670 3769 710 3782; x_wconf 93' lang='lat'><em>-</em></span> <span class='ocrx_word' id='word_1_219' title='bbox 739 3733 891 3818; x_wconf 82' lang='lat' dir='ltr'>Tempore</span> <span class='ocrx_word' id='word_1_220' title='bbox 906 3743 1051 3816; x_wconf 62' lang='lat' dir='ltr'>accepim,</span> <span class='ocrx_word' id='word_1_221' title='bbox 1070 3742 1129 3792; x_wconf 84' lang='lat' dir='ltr'>etc.</span> <span class='ocrx_word' id='word_1_222' title='bbox 1146 3727 1298 3815; x_wconf 88' lang='lat' dir='ltr'>]Diceret</span> 
     </span>
     <span class='ocr_line' id='line_1_29' title="bbox 301 3830 1296 3920; baseline -0.002 -22"><span class='ocrx_word' id='word_1_223' title='bbox 301 3834 388 3918; x_wconf 91' lang='lat' dir='ltr'>quis:</span> <span class='ocrx_word' id='word_1_224' title='bbox 402 3841 450 3898; x_wconf 91' lang='lat' dir='ltr'>est</span> <span class='ocrx_word' id='word_1_225' title='bbox 460 3843 533 3899; x_wconf 89' lang='lat' dir='ltr'>tunc</span> <span class='ocrx_word' id='word_1_226' title='bbox 547 3833 663 3918; x_wconf 88' lang='lat' dir='ltr'>aliquid</span> <span class='ocrx_word' id='word_1_227' title='bbox 677 3834 777 3920; x_wconf 85' lang='lat' dir='ltr'>gratia</span> <span class='ocrx_word' id='word_1_228' title='bbox 790 3832 868 3896; x_wconf 76' lang='lat' dir='ltr'>Deit</span> <span class='ocrx_word' id='word_1_229' title='bbox 884 3834 945 3896; x_wconf 87' lang='lat' dir='ltr'>Est</span> <span class='ocrx_word' id='word_1_230' title='bbox 960 3856 966 3894; x_wconf 93' lang='lat'>:</span> <span class='ocrx_word' id='word_1_231' title='bbox 982 3832 1055 3914; x_wconf 91' lang='lat' dir='ltr'>quia</span> <span class='ocrx_word' id='word_1_232' title='bbox 1068 3830 1212 3894; x_wconf 88' lang='lat' dir='ltr'>exaudire</span> <span class='ocrx_word' id='word_1_233' title='bbox 1227 3834 1296 3896; x_wconf 93' lang='lat' dir='ltr'>Do·</span> 
     </span>
     <span class='ocr_line' id='line_1_30' title="bbox 300 3932 1297 4019; baseline -0.003 -22"><span class='ocrx_word' id='word_1_234' title='bbox 300 3932 375 3997; x_wconf 89' lang='lat' dir='ltr'>mini</span> <span class='ocrx_word' id='word_1_235' title='bbox 395 3941 533 4018; x_wconf 89' lang='lat' dir='ltr'>tempore</span> <span class='ocrx_word' id='word_1_236' title='bbox 553 3941 690 4017; x_wconf 84' lang='lat' dir='ltr'>accepto,</span> <span class='ocrx_word' id='word_1_237' title='bbox 709 3940 742 3997; x_wconf 88' lang='lat' dir='ltr'>et</span> <span class='ocrx_word' id='word_1_238' title='bbox 760 3933 905 4019; x_wconf 87' lang='lat' dir='ltr'>adjuvare</span> <span class='ocrx_word' id='word_1_239' title='bbox 921 3938 978 3996; x_wconf 87' lang='lat' dir='ltr'>est.</span> <span class='ocrx_word' id='word_1_240' title='bbox 991 3933 1035 3996; x_wconf 90' lang='lat' dir='ltr'>Et</span> <span class='ocrx_word' id='word_1_241' title='bbox 1055 3933 1111 3995; x_wconf 91' lang='lat' dir='ltr'>hoo</span> <span class='ocrx_word' id='word_1_242' title='bbox 1126 3933 1236 4014; x_wconf 88' lang='lat' dir='ltr'>probat</span> <span class='ocrx_word' id='word_1_243' title='bbox 1256 3933 1297 3994; x_wconf 92' lang='lat' dir='ltr'>ah</span> 
     </span>
     <span class='ocr_line' id='line_1_31' title="bbox 301 4031 1293 4120; baseline -0.003 -23"><span class='ocrx_word' id='word_1_244' title='bbox 301 4033 421 4109; x_wconf 85' lang='lat' dir='ltr'>effectu,</span> <span class='ocrx_word' id='word_1_245' title='bbox 436 4035 508 4118; x_wconf 90' lang='lat' dir='ltr'>quia</span> <span class='ocrx_word' id='word_1_246' title='bbox 520 4035 655 4110; x_wconf 84' lang='lat' dir='ltr'>exaudit,</span> <span class='ocrx_word' id='word_1_247' title='bbox 675 4042 707 4098; x_wconf 93' lang='lat' dir='ltr'>et</span> <span class='ocrx_word' id='word_1_248' title='bbox 721 4035 859 4120; x_wconf 85' lang='lat' dir='ltr'>adjuvat.</span> <span class='ocrx_word' id='word_1_249' title='bbox 872 4033 951 4096; x_wconf 88' lang='lat' dir='ltr'>Item</span> <span class='ocrx_word' id='word_1_250' title='bbox 966 4033 1025 4096; x_wconf 89' lang='lat' dir='ltr'>hoe</span> <span class='ocrx_word' id='word_1_251' title='bbox 1040 4035 1078 4096; x_wconf 92' lang='lat' dir='ltr'>ab</span> <span class='ocrx_word' id='word_1_252' title='bbox 1093 4031 1293 4104; x_wconf 85' lang='lat' dir='ltr'>auctoritate;</span> 
     </span>
     <span class='ocr_line' id='line_1_32' title="bbox 300 4129 1297 4218; baseline -0.005 -22"><span class='ocrx_word' id='word_1_253' title='bbox 300 4134 370 4217; x_wconf 89' lang='lat' dir='ltr'>Ipse</span> <span class='ocrx_word' id='word_1_254' title='bbox 391 4133 470 4196; x_wconf 87' lang='lat' dir='ltr'>enim</span> <span class='ocrx_word' id='word_1_255' title='bbox 496 4134 574 4198; x_wconf 87' lang='lat' dir='ltr'>dixit</span> <span class='ocrx_word' id='word_1_256' title='bbox 597 4142 734 4218; x_wconf 88' lang='lat' dir='ltr'>tempore</span> <span class='ocrx_word' id='word_1_257' title='bbox 760 4141 903 4217; x_wconf 84' lang='lat' dir='ltr'>accepto,</span> <span class='ocrx_word' id='word_1_258' title='bbox 923 4142 983 4199; x_wconf 89' lang='lat' dir='ltr'>ete.</span> <span class='ocrx_word' id='word_1_259' title='bbox 1009 4169 1053 4182; x_wconf 79' lang='lat'>-</span> <span class='ocrx_word' id='word_1_260' title='bbox 1075 4133 1141 4195; x_wconf 87' lang='lat' dir='ltr'>Per</span> <span class='ocrx_word' id='word_1_261' title='bbox 1164 4129 1297 4215; x_wconf 72' lang='lat' dir='ltr'>mmm]</span> 
     </span>
     <span class='ocr_line' id='line_1_33' title="bbox 299 4230 1297 4318; baseline -0.006 -20"><span class='ocrx_word' id='word_1_262' title='bbox 299 4231 360 4298; x_wconf 92' lang='lat' dir='ltr'>Per</span> <span class='ocrx_word' id='word_1_263' title='bbox 375 4254 460 4297; x_wconf 88' lang='lat' dir='ltr'>arma</span> <span class='ocrx_word' id='word_1_264' title='bbox 466 4235 593 4318; x_wconf 76' lang='lat' dir='ltr'>justitiae</span> <span class='ocrx_word' id='word_1_265' title='bbox 605 4234 631 4298; x_wconf 88' lang='lat' dir='ltr'>si</span> <span class='ocrx_word' id='word_1_266' title='bbox 646 4235 753 4299; x_wconf 83' lang='lat' dir='ltr'>muniti</span> <span class='ocrx_word' id='word_1_267' title='bbox 764 4235 796 4297; x_wconf 90' lang='lat' dir='ltr'>in</span> <span class='ocrx_word' id='word_1_268' title='bbox 815 4235 968 4317; x_wconf 89' lang='lat' dir='ltr'>prosperis</span> <span class='ocrx_word' id='word_1_269' title='bbox 980 4242 1011 4299; x_wconf 86' lang='lat' dir='ltr'>et</span> <span class='ocrx_word' id='word_1_270' title='bbox 1021 4233 1174 4304; x_wconf 89' lang='lat' dir='ltr'>adversis;</span> <span class='ocrx_word' id='word_1_271' title='bbox 1191 4239 1223 4294; x_wconf 92' lang='lat' dir='ltr'>et</span> <span class='ocrx_word' id='word_1_272' title='bbox 1231 4230 1297 4293; x_wconf 91' lang='lat' dir='ltr'>sive</span> 
     </span>
    </p>
   </div>
   <div class='ocr_carea' id='block_1_5' title="bbox 0 0 1605 5442">
    <p class='ocr_par' dir='ltr' id='par_1_5' title="bbox 0 0 1605 5442">
     <span class='ocr_line' id='line_1_34' title="bbox 0 0 1605 5442; baseline 0 0"><span class='ocrx_word' id='word_1_273' title='bbox 0 0 1605 5442; x_wconf 95' lang='lat' dir='ltr'> </span> 
     </span>
    </p>
   </div>
  </div>
 </body>
</html>
