3184 5442
365 748 408 812 88
745 767 775 807 o.
804 764 976 808 camanum

366 906 478 992 gelium
494 904 627 988 accepit,
645 904 718 988 quia
732 903 846 969 restitit
855 902 902 980 ei,
920 903 1083 983 eratenim
1103 900 1360 984 reprehensibilis.

367 1042 407 1055 -
431 1002 596 1090 Infeciem
606 1009 635 1065 ei
644 1010 758 1066 restiti.
773 1001 883 1089 ]Utile
897 1022 958 1064 non
975 1008 1074 1077 esset,
1093 1002 1174 1084 quod
1187 1000 1290 1084 palam
1305 1021 1364 1064 no·

365 1105 470 1183 oebat,
489 1102 600 1186 corrigi
616 1103 647 1165 in
664 1103 803 1168 occulto:
825 1103 1069 1186 praesumendum
1088 1121 1222 1184 namque
1239 1106 1308 1164 erat
1322 1099 1364 1162 de

365 1203 523 1267 charitatis
552 1202 696 1266 finnitate
726 1202 806 1265 tanti
830 1200 985 1284 Apostoli.
1014 1199 1070 1263 Vel
1095 1199 1165 1262 ideo
1188 1200 1270 1283 quod
1292 1198 1364 1282 qui-

364 1304 436 1366 dam
455 1301 627 1366 subinducti
647 1301 885 1378 insidiabantur,
908 1299 960 1383 qui
981 1298 1129 1363 referrent
1150 1297 1281 1364 Paulum
1301 1318 1364 1361 non

364 1422 433 1466 esse
464 1422 571 1465 ausum
597 1421 724 1485 arguere
755 1401 907 1478 Petrum,
936 1405 968 1461 et
996 1397 1293 1461 circumciderentur;
1321 1432 1362 1445 -

365 1500 403 1564 St
423 1513 456 1563 tu
477 1524 546 1563 cum
563 1498 731 1585 sudeus]
753 1498 919 1563 Gentiliter
940 1497 1083 1573 vivebat;
1104 1498 1178 1580 quia
1201 1495 1365 1560 indiscrete

364 1620 433 1663 oum
454 1599 594 1664 onmibus
616 1600 748 1678 edebat,
773 1606 806 1662 et
827 1597 979 1661 neminem
1006 1597 1196 1660 immundmn
1218 1596 1361 1679 putabat.

365 1699 483 1763 Probat
498 1707 603 1764 autem
621 1699 693 1782 quia
710 1718 779 1761 oum
801 1697 843 1762 sit
862 1698 1005 1775 Judaeus,
1029 1703 1061 1759 et
1081 1703 1186 1761 temen
1209 1694 1366 1780 gentiliter

366 1797 468 1877 vivat,
485 1819 547 1862 non
563 1799 655 1862 debet
666 1799 785 1862 Gentes
800 1797 840 1860 ad
854 1795 1045 1860 Judaismum
1060 1815 1179 1880 cogere.
1192 1797 1251 1858 Fst
1260 1801 1365 1858 autem

365 1898 397 1960 in
411 1897 488 1962 libro
500 1907 585 1963 totus
597 1898 801 1984 Syllogismus
814 1905 925 1980 praeter
937 1895 1170 1959 conclusionem.
1198 1930 1238 1942 -
1266 1891 1365 1980 Cogtr

360 1995 545 2079 judoizare.
556 1995 567 2083 ]
577 1996 728 2080 Exemplo
737 2017 792 2060 suo
803 1996 922 2058 Gentes
930 1993 1087 2080 judaizare
1101 1995 1229 2077 cogebat
1239 1993 1362 2073 Petrus,

366 2103 399 2160 et
423 2096 516 2160 ritum
537 2096 714 2160 Judaeorum
740 2094 853 2178 sequi,
880 2094 1001 2177 quando
1023 2094 1090 2176 ipse
1117 2093 1149 2154 in
1169 2091 1365 2176 presentiam

365 2215 471 2258 eorum
492 2195 544 2278 qui
563 2215 601 2256 ex
622 2195 739 2257 Judaeis
759 2194 969 2272 crediderant,
989 2192 1176 2256 aconsortio
1195 2190 1365 2256 Gentilium

366 2312 450 2355 more
466 2293 595 2357 Judaico
615 2313 649 2355 sc
671 2291 879 2356 subtrahebat.
909 2328 948 2341 -
973 2293 1172 2355 Peccatores.
1188 2289 1200 2377 ]
1218 2290 1366 2355 Generali

364 2390 513 2453 vocabulo
524 2396 701 2472 peccatores
712 2390 1004 2454 vocatIdololatras.
1032 2427 1072 2439 -
1099 2391 1152 2452 Er
1164 2389 1310 2477 operibus
1325 2391 1367 2453 Ie-

363 2495 429 2574 gis.
443 2486 513 2574 ]Ex
522 2489 663 2571 operibus
669 2490 757 2575 legis,
766 2510 827 2552 non
836 2513 843 2552 :
851 2511 923 2553 nam
933 2490 959 2553 si
970 2490 1029 2554 hoc
1039 2498 1131 2570 esset,
1139 2510 1198 2553 non
1206 2487 1366 2553 inchristo

366 2593 487 2652 tautum
502 2595 583 2652 esset
601 2589 779 2675 justificatio
795 2640 802 2666 ,
816 2591 871 2653 sed
890 2590 922 2654 in
947 2589 1071 2654 Christo
1085 2597 1205 2654 tantum
1218 2595 1277 2652 est.
1290 2588 1366 2653 Siin

366 2685 489 2752 Christo
502 2694 621 2751 tantum
631 2709 691 2751 non
705 2695 753 2751 cst
761 2688 950 2773 justificatio,
958 2710 1121 2772 peccamus
1133 2689 1367 2773 quideserentes

365 2787 482 2871 legem,
498 2788 661 2872 quaerimus
669 2796 790 2853 tantum
800 2789 832 2851 in
843 2789 966 2875 Christo
974 2790 1150 2876 justificari3
1165 2790 1220 2853 scd
1233 2788 1291 2853 hoc
1306 2808 1366 2850 non

365 2892 435 2952 est:
452 2908 523 2951 nam
535 2888 562 2952 si
573 2889 630 2952 hoc
644 2896 727 2952 esset
741 2940 748 2966 ,
764 2890 847 2974 quod
858 2910 1055 2974 peccaremus
1066 2881 1236 2973 quarentes
1246 2895 1365 2953 tantum

365 2985 523 3071 justificari
545 3009 600 3072 per
620 2987 799 3065 Christum,
817 2989 957 3054 Christus
977 2989 1114 3052 minister
1129 2999 1211 3052 esset
1229 2986 1362 3070 peccati;

367 3089 422 3152 sed
443 3089 499 3153 hoc
518 3089 620 3166 absit,
638 3097 673 3154 ut
689 3089 832 3154 Christus
845 3090 886 3154 sit
911 3089 1048 3153 minister
1062 3088 1201 3171 peccati;
1217 3107 1290 3172 ergo
1306 3106 1367 3149 non

367 3207 532 3270 peccamus
548 3196 721 3272 quarentes
734 3189 765 3252 in
781 3188 904 3252 Christo
920 3197 1040 3253 tantum
1049 3185 1219 3272 justificari.
1235 3184 1366 3264 Quodsi

261 3306 264 3311 ·
367 3306 475 3349 verum
492 3294 562 3365 est,
577 3308 650 3373 ergo
666 3307 704 3350 ex
725 3287 867 3371 operibus
882 3287 959 3372 legis
970 3308 1032 3349 non
1038 3285 1255 3372 justificabitur
1269 3284 1368 3348 omnis

368 3404 459 3457 oaro;
475 3405 546 3447 nam
564 3386 591 3447 si
614 3386 672 3450 hoc
692 3386 817 3462 dixero,
833 3387 1098 3469 praevaricatorem
1121 3407 1171 3450 me
1191 3384 1364 3459 constituo,

369 3481 422 3566 qui
451 3481 552 3566 legem
578 3483 778 3558 deseruerim,
798 3505 891 3566 quam
910 3483 1128 3569 justificantem
1155 3485 1299 3547 concedo.
1327 3519 1367 3532 -

368 3580 525 3668 Numquid
541 3579 697 3645 Christus.
711 3580 783 3668 ]Ex
798 3584 1122 3666 personainfirmorum
1138 3582 1196 3646 hoc
1210 3583 1268 3644 sibi
1280 3584 1367 3649 dicit.

367 3679 456 3744 Dixit
467 3680 592 3743 Judaeos
606 3681 745 3764 superius
759 3702 822 3745 non
833 3702 902 3745 esse
916 3687 1092 3764 peccatores
1104 3704 1111 3754 ;
1130 3691 1162 3743 et
1176 3687 1286 3763 postea
1296 3685 1369 3748 sub-

367 3779 487 3856 intulit,
501 3780 583 3862 quod
602 3781 695 3844 etiam
714 3779 774 3867 ipsi
785 3781 994 3867 justificantur
1014 3800 1055 3842 ex
1069 3780 1129 3843 fide
1144 3781 1166 3843 J
1167 3800 1220 3843 esu
1233 3779 1349 3847 Christi
1357 3804 1365 3857 ;

369 3877 425 3941 sed
440 3878 539 3942 omnis
553 3878 605 3963 qui
626 3879 821 3966 justificatur,
835 3880 867 3943 in
884 3887 1011 3965 peccato
1025 3877 1093 3943 fuit.
1112 3879 1282 3944 Videbatur
1294 3902 1370 3966 ergo

369 3977 451 4041 male
471 3976 619 4064 intelligi,
642 3987 677 4044 ut
691 3978 833 4045 Christus
850 3986 979 4063 peccata
1001 3979 1085 4064 prius
1107 3979 1310 4055 ministraret;
1333 3988 1370 4045 ut

369 4097 426 4159 per
439 4077 530 4140 fidem
542 4085 574 4142 et
589 4079 719 4162 gratiam
731 4100 819 4143 suam
839 4087 947 4162 postea
960 4079 1140 4145 vivificaret.
1165 4116 1209 4130 -
1232 4078 1270 4140 St
1284 4086 1369 4141 entm
1496 4103 1503 4117 ·

371 4198 441 4265 quoe
464 4176 644 4265 destruet]
670 4178 766 4257 Quasi
790 4178 923 4243 diceret:
949 4179 1040 4242 Hanc
1066 4179 1263 4261 questionem
1287 4198 1371 4262 saepe

371 4277 443 4345 mihi
456 4277 628 4366 oppositam
643 4278 779 4343 destruxi
792 4302 800 4354 ;
820 4279 952 4363 quamsi
968 4278 1078 4344 iterum
1094 4279 1224 4353 aedifico,
1242 4278 1367 4342 menda-
