3184 5442
307 694 371 757 112
695 712 725 752 u.
753 710 927 753 murmuri

305 851 446 916 diderunt
457 850 633 934 Philosophi
648 849 737 935 (quos
755 849 894 912 homines
912 849 1018 936 vocat)
1032 850 1211 921 Creatorem
1229 880 1299 924 om·

305 954 389 1017 nium
411 974 472 1016 non
495 973 586 1036 posse
610 951 675 1015 fieri
695 951 1066 1016 creaturamzHominem
1085 976 1147 1018 non
1164 961 1305 1041 potuisse

304 1053 391 1118 nasci
417 1075 457 1117 ex
482 1051 629 1136 Virgine:
647 1051 816 1115 Hominem
841 1058 997 1115 mortuum
1023 1053 1161 1119 revivere
1174 1079 1236 1122 non
1250 1082 1307 1144 po-

305 1154 418 1227 tuisse;
433 1152 660 1218 considerantes
683 1152 837 1216 elementa
857 1150 973 1226 mundi,
986 1153 1043 1216 has
1061 1154 1195 1220 visibiles
1215 1180 1306 1225 crea·

305 1264 405 1330 toras,
437 1251 597 1335 inquibus
620 1250 763 1314 animalia
782 1270 850 1333 quae
870 1262 1047 1327 nascuntur,
1076 1275 1116 1318 ex
1145 1258 1305 1344 utriusque

304 1374 397 1418 sexus
426 1350 642 1416 commixtione
668 1359 869 1434 generantur:
899 1358 931 1414 et
958 1351 990 1414 in
1016 1353 1127 1436 quibus
1154 1359 1305 1443 quidquid

303 1453 446 1525 moritur,
474 1450 555 1514 ultra
593 1449 697 1511 vivere
729 1447 915 1531 impossibile
954 1457 1012 1514 est.
1053 1488 1099 1501 —
1137 1455 1304 1546 Decreta]

302 1554 468 1617 Decretum
493 1549 552 1614 Dei
574 1547 651 1623 suit,
676 1547 716 1609 de
751 1546 838 1633 ligno
867 1548 952 1636 quod
977 1563 1025 1614 est
1049 1560 1083 1614 in
1112 1556 1214 1620 medio
1233 1583 1302 1645 pa-

304 1653 416 1730 radisi,
440 1674 480 1714 ne
500 1649 658 1714 comedas.
675 1649 778 1734 Hujus
792 1649 905 1713 decreti
931 1649 1037 1715 violati
1064 1652 1302 1741 chirographum

305 1754 350 1839 (id
364 1761 428 1828 est,
446 1750 642 1835 memoriam)
655 1749 770 1813 delevit
784 1750 882 1821 Deus,
899 1751 1021 1834 quando
1035 1762 1195 1836 peccatum
1210 1759 1302 1841 primi

303 1853 439 1939 parentis
463 1852 595 1915 humano
619 1848 740 1935 generi,
755 1869 811 1932 per
831 1849 921 1913 fidem
944 1852 1099 1934 sanguinis
1117 1854 1232 1921 Christi
1251 1859 1301 1923 di·

303 1955 388 2018 misit
396 1977 404 2027 ;
424 1960 456 2016 et
470 1951 566 2036 ipsius
583 1949 841 2034 pravaricationis
856 1957 1027 2032 peccatum,
1042 1951 1184 2016 oblivioni
1201 1957 1303 2020 tradi·

303 2056 358 2120 dit.
383 2091 426 2103 -
450 2050 641 2139 Expolr'ons.
658 2050 669 2135 l
684 2050 838 2133 Spoliavit
855 2049 994 2114 Christus
1015 2050 1175 2118 infemcles
1192 2064 1301 2138 potes·

302 2162 384 2219 tates
395 2153 554 2217 animabus
565 2171 642 2234 quas
656 2150 822 2223 habebant,
835 2150 883 2213 vel
897 2151 1044 2214 habiturae
1054 2160 1152 2228 erant,
1167 2155 1199 2216 in
1210 2176 1301 2221 cruce

300 2254 453 2337 pendens;
472 2251 521 2313 vel
539 2251 579 2312 ad
601 2247 718 2311 inferna
734 2249 921 2314 descendens
936 2250 1074 2314 traduxit
1092 2252 1215 2316 easdem
1239 2276 1300 2338 po·

300 2360 431 2426 testate,
457 2351 570 2423 idest,
600 2350 639 2411 ab
660 2349 800 2412 Ecclesia
821 2371 878 2413 sua
903 2351 1134 2425 exterminavit;
1162 2353 1242 2419 sicut
1267 2355 1299 2420 in

300 2449 469 2533 Evangelio
491 2447 570 2510 dixit
587 2468 595 2509 t
611 2445 706 2510 Nunc
721 2456 875 2534 princeps
899 2449 994 2535 liujus
1022 2451 1133 2514 mundi
1155 2455 1301 2538 eJ'r‘cr'etur

298 2550 403 2633 foras.
417 2547 477 2612 Vel
488 2547 594 2610 fideles
605 2567 677 2610 suos
689 2548 727 2610 de
737 2546 863 2612 insemis
877 2541 980 2613 secum
993 2551 1082 2616 duxit
1097 2554 1295 2630 confidenter,

300 2651 385 2714 velut
404 2648 496 2711 homo
517 2647 603 2710 Deus
623 2646 689 2710 sine
706 2656 845 2732 peccato.
872 2686 914 2698 -
939 2650 1091 2737 Polam]
1111 2652 1148 2716 Id
1169 2660 1233 2727 est,
1265 2654 1298 2719 in

229 2765 231 2770 ’
299 2772 399 2826 cruce,
411 2749 460 2812 vel
472 2768 540 2812 curn
557 2747 701 2833 angelicis
712 2749 882 2835 legionibus
899 2752 940 2815 ad
958 2750 1075 2816 inferna
1095 2753 1293 2830 descendens,

300 2849 490 2934 triumphans
507 2847 590 2922 illos,
611 2847 643 2910 id
663 2854 722 2923 est,
745 2849 871 2913 vincens
887 2849 919 2912 in
941 2851 1116 2934 semetipso,
1131 2853 1162 2916 id
1184 2863 1244 2932 est,
1264 2854 1297 2918 in

299 2956 440 3036 passione
462 2947 509 3012 sui
534 2947 680 3030 corporis,
706 2947 737 3010 in
766 2949 929 3031 praesentia
951 2971 1013 3013 suae
1041 2953 1224 3038 majestatis.
1251 2989 1297 3002 -

298 3051 399 3116 Nemo
416 3071 503 3137 ergo.
519 3047 599 3126 Quia
608 3068 682 3133 ergo
696 3047 727 3110 in
741 3047 864 3112 Christo
875 3048 1042 3115 circumcisi
1056 3054 1131 3116 estis
1144 3053 1296 3137 spirituali

297 3150 534 3224 circumcisione,
549 3169 640 3211 nemo
652 3168 708 3211 vos
719 3147 794 3211 nihil
806 3149 952 3213 debentes
968 3150 1029 3234 legi
1042 3151 1169 3237 judicet,
1186 3153 1218 3216 id
1232 3162 1292 3232 est,

296 3251 487 3317 damnabiles
501 3247 606 3323 faciat,
623 3249 754 3312 suadens
769 3249 837 3313 cibo
859 3248 909 3313 vel
931 3258 1006 3333 potu
1026 3252 1179 3317 abstinere
1199 3255 1296 3322 veluti

297 3353 484 3416 Judoeorum.
511 3383 552 3397 -
576 3349 643 3408 Aut
653 3347 873 3412 Sabbatorom.
884 3348 896 3435 l
907 3350 983 3413 Dies
991 3348 1072 3425 festi,
1087 3351 1196 3436 inquit,
1210 3354 1296 3419 Neo-

296 3451 404 3514 meniae
420 3455 452 3511 et
464 3447 617 3520 Sabbata,
635 3446 845 3531 significabant
862 3448 980 3526 futura,
1000 3459 1032 3514 et
1049 3450 1162 3536 inipso
1182 3453 1295 3539 signifi-

295 3549 415 3613 catione
435 3552 523 3608 erant
537 3565 646 3629 corpus
669 3543 805 3619 Christi;
820 3546 852 3609 id
872 3555 935 3623 est,
951 3548 1164 3633 significabant
1183 3574 1294 3639 corpus

296 3646 422 3716 Christi,
439 3643 490 3708 vel
506 3650 698 3728 assumptum
715 3665 754 3708 ex
772 3645 912 3730 Virgine,
926 3648 976 3712 vel
992 3650 1176 3726 Ecclesiam,
1193 3654 1293 3737 qualis

293 3769 373 3812 nunc
393 3753 452 3817 est,
472 3745 522 3808 vel
542 3745 574 3808 in
596 3744 654 3808 alio
673 3745 782 3809 saeculo
795 3744 907 3810 futura.
934 3784 973 3797 -
998 3748 1099 3813 Nemo
1120 3775 1182 3816 vos
1196 3753 1292 3818 redir-

292 3860 357 3910 cot.
369 3845 381 3932 ]
392 3847 506 3919 Nemo,
523 3845 633 3929 inquit,
652 3865 708 3909 vos
723 3845 867 3930 decipiat,
886 3848 991 3912 volens
1006 3853 1189 3934 persuadere
1202 3854 1292 3918 vobis

292 3967 408 4030 eaquae
421 3966 578 4028 nunquam
600 3944 762 4018 intellexit,
785 3947 950 4012 ostendens
964 3950 1050 4013 vobis
1073 3950 1103 4014 in
1125 3953 1290 4037 semetipso
1335 3966 1338 3971 '

292 4047 496 4111 humilitatem
508 4053 541 4109 et
554 4045 730 4129 religionem
745 4046 953 4130 Angelorum,
968 4058 1004 4112 ut
1023 4050 1113 4115 citius
1124 4053 1169 4118 eis
1180 4055 1289 4118 creda·

292 4148 343 4211 tis.
356 4145 494 4230 Angelos
511 4155 616 4211 autem
630 4154 722 4209 vocat
741 4148 791 4210 vel
804 4149 939 4214 caelestes
954 4151 1089 4234 spiritus,
1104 4154 1152 4217 vel
1167 4162 1290 4219 sanctos

292 4246 519 4311 Praedicatores.
545 4282 593 4327 -χ
610 4244 661 4307 Ab
686 4243 882 4334 elementis]
912 4252 1073 4316 Elementa
1100 4261 1201 4318 vocat.
1230 4253 1288 4318 has
