<?xml version="1.0" encoding="UTF-8"?>
<!DOCTYPE html PUBLIC "-//W3C//DTD XHTML 1.0 Transitional//EN"
    "http://www.w3.org/TR/xhtml1/DTD/xhtml1-transitional.dtd">
<html xmlns="http://www.w3.org/1999/xhtml" xml:lang="en" lang="en">
 <head>
  <title>
</title>
<meta http-equiv="Content-Type" content="text/html;charset=utf-8" />
  <meta name='ocr-system' content='tesseract 3.04.00' />
  <meta name='ocr-capabilities' content='ocr_page ocr_carea ocr_par ocr_line ocrx_word'/>
</head>
<body>
  <div class='ocr_page' id='page_1' title='image "./operaquaesupers00lanfgoog_0243.png"; bbox 0 0 3184 5442; ppageno 0'>
   <div class='ocr_carea' id='block_1_1' title="bbox 550 706 1395 802">
    <p class='ocr_par' dir='ltr' id='par_1_1' title="bbox 550 706 1395 802">
     <span class='ocr_line' id='line_1_1' title="bbox 550 706 1395 802; baseline 0.007 -25"><span class='ocrx_word' id='word_1_1' title='bbox 550 736 756 778; x_wconf 75' lang='lat' dir='ltr'>nuucroaurun</span> <span class='ocrx_word' id='word_1_2' title='bbox 779 737 847 778; x_wconf 78' lang='lat' dir='ltr'>srva</span> <span class='ocrx_word' id='word_1_3' title='bbox 870 737 1027 778; x_wconf 78' lang='lat' dir='ltr'>ornuoous</span> <span class='ocrx_word' id='word_1_4' title='bbox 1220 706 1285 782; x_wconf 76' lang='lat'>&#39;247</span> <span class='ocrx_word' id='word_1_5' title='bbox 1392 797 1395 802; x_wconf 15' lang='grc' dir='ltr'>ι</span> 
     </span>
    </p>
   </div>
   <div class='ocr_carea' id='block_1_2' title="bbox 292 874 1290 1652">
    <p class='ocr_par' dir='ltr' id='par_1_2' title="bbox 292 874 1290 1652">
     <span class='ocr_line' id='line_1_2' title="bbox 292 874 1288 953; baseline -0.002 -9"><span class='ocrx_word' id='word_1_6' title='bbox 292 879 427 944; x_wconf 83' lang='lat' dir='ltr'>serviant</span> <span class='ocrx_word' id='word_1_7' title='bbox 445 874 606 949; x_wconf 82' lang='lat' dir='ltr'>Creatori,</span> <span class='ocrx_word' id='word_1_8' title='bbox 632 875 796 938; x_wconf 87' lang='lat' dir='ltr'>secundum</span> <span class='ocrx_word' id='word_1_9' title='bbox 819 874 916 936; x_wconf 89' lang='lat' dir='ltr'>illud:</span> <span class='ocrx_word' id='word_1_10' title='bbox 947 905 959 926; x_wconf 79' lang='lat' dir='ltr'><em>u</em></span> <span class='ocrx_word' id='word_1_11' title='bbox 979 875 1070 953; x_wconf 77' lang='lat' dir='ltr'>Quod</span> <span class='ocrx_word' id='word_1_12' title='bbox 1091 877 1147 940; x_wconf 91' lang='lat' dir='ltr'>tibi</span> <span class='ocrx_word' id='word_1_13' title='bbox 1162 899 1223 941; x_wconf 90' lang='lat' dir='ltr'>non</span> <span class='ocrx_word' id='word_1_14' title='bbox 1239 881 1288 942; x_wconf 84' lang='lat' dir='ltr'>vis</span> 
     </span>
     <span class='ocr_line' id='line_1_3' title="bbox 293 974 1285 1058; baseline -0.001 -14"><span class='ocrx_word' id='word_1_15' title='bbox 293 980 373 1054; x_wconf 87' lang='lat' dir='ltr'>fieri,</span> <span class='ocrx_word' id='word_1_16' title='bbox 386 977 436 1043; x_wconf 89' lang='lat' dir='ltr'>alii</span> <span class='ocrx_word' id='word_1_17' title='bbox 447 998 486 1040; x_wconf 93' lang='lat' dir='ltr'>ne</span> <span class='ocrx_word' id='word_1_18' title='bbox 497 975 615 1039; x_wconf 78' lang='lat' dir='ltr'>leceris,</span> <span class='ocrx_word' id='word_1_19' title='bbox 640 1007 652 1028; x_wconf 72' lang='lat' dir='ltr'>n</span> <span class='ocrx_word' id='word_1_20' title='bbox 673 976 784 1040; x_wconf 89' lang='lat' dir='ltr'>Nullus</span> <span class='ocrx_word' id='word_1_21' title='bbox 794 977 861 1040; x_wconf 91' lang='lat' dir='ltr'>vult</span> <span class='ocrx_word' id='word_1_22' title='bbox 871 976 937 1058; x_wconf 89' lang='lat' dir='ltr'>pati</span> <span class='ocrx_word' id='word_1_23' title='bbox 948 974 1075 1051; x_wconf 87' lang='lat' dir='ltr'>furtum,</span> <span class='ocrx_word' id='word_1_24' title='bbox 1090 979 1285 1055; x_wconf 80' lang='lat' dir='ltr'>adulterium,</span> 
     </span>
     <span class='ocr_line' id='line_1_4' title="bbox 293 1075 1289 1160; baseline 0 -18"><span class='ocrx_word' id='word_1_25' title='bbox 293 1077 488 1143; x_wconf 83' lang='lat' dir='ltr'>homicidium</span> <span class='ocrx_word' id='word_1_26' title='bbox 502 1100 509 1149; x_wconf 77' lang='lat'>3</span> <span class='ocrx_word' id='word_1_27' title='bbox 523 1097 584 1138; x_wconf 90' lang='lat' dir='ltr'>non</span> <span class='ocrx_word' id='word_1_28' title='bbox 598 1075 690 1139; x_wconf 85' lang='lat' dir='ltr'>faciat</span> <span class='ocrx_word' id='word_1_29' title='bbox 703 1076 766 1139; x_wconf 91' lang='lat' dir='ltr'>ulli.</span> <span class='ocrx_word' id='word_1_30' title='bbox 787 1076 867 1140; x_wconf 88' lang='lat' dir='ltr'>Cum</span> <span class='ocrx_word' id='word_1_31' title='bbox 879 1077 937 1139; x_wconf 92' lang='lat' dir='ltr'>hoc</span> <span class='ocrx_word' id='word_1_32' title='bbox 957 1077 1095 1140; x_wconf 88' lang='lat' dir='ltr'>homines</span> <span class='ocrx_word' id='word_1_33' title='bbox 1106 1078 1137 1140; x_wconf 90' lang='lat' dir='ltr'>in</span> <span class='ocrx_word' id='word_1_34' title='bbox 1150 1079 1289 1160; x_wconf 85' lang='lat' dir='ltr'>proximo</span> 
     </span>
     <span class='ocr_line' id='line_1_5' title="bbox 294 1174 1290 1262; baseline -0.001 -21"><span class='ocrx_word' id='word_1_35' title='bbox 294 1183 458 1262; x_wconf 89' lang='lat' dir='ltr'>spernunt,</span> <span class='ocrx_word' id='word_1_36' title='bbox 478 1176 563 1247; x_wconf 86' lang='lat' dir='ltr'>Deo·¹</span> <span class='ocrx_word' id='word_1_37' title='bbox 584 1174 636 1258; x_wconf 91' lang='lat' dir='ltr'>qui</span> <span class='ocrx_word' id='word_1_38' title='bbox 654 1183 702 1238; x_wconf 90' lang='lat' dir='ltr'>est</span> <span class='ocrx_word' id='word_1_39' title='bbox 730 1174 871 1250; x_wconf 91' lang='lat' dir='ltr'>dilectio,</span> <span class='ocrx_word' id='word_1_40' title='bbox 895 1175 1127 1239; x_wconf 86' lang='lat' dir='ltr'>contradicunt:</span> <span class='ocrx_word' id='word_1_41' title='bbox 1150 1179 1290 1259; x_wconf 89' lang='lat' dir='ltr'>quamvis</span> 
     </span>
     <span class='ocr_line' id='line_1_6' title="bbox 294 1273 1290 1357; baseline 0.001 -18"><span class='ocrx_word' id='word_1_42' title='bbox 294 1278 395 1340; x_wconf 91' lang='lat' dir='ltr'>nullus</span> <span class='ocrx_word' id='word_1_43' title='bbox 416 1276 457 1339; x_wconf 89' lang='lat' dir='ltr'>sit</span> <span class='ocrx_word' id='word_1_44' title='bbox 479 1274 510 1335; x_wconf 91' lang='lat' dir='ltr'>in</span> <span class='ocrx_word' id='word_1_45' title='bbox 531 1275 602 1336; x_wconf 91' lang='lat' dir='ltr'>orbe</span> <span class='ocrx_word' id='word_1_46' title='bbox 617 1273 762 1357; x_wconf 78' lang='lat' dir='ltr'>anguluS,</span> <span class='ocrx_word' id='word_1_47' title='bbox 781 1274 832 1336; x_wconf 95' lang='lat' dir='ltr'>ubi</span> <span class='ocrx_word' id='word_1_48' title='bbox 846 1274 960 1337; x_wconf 92' lang='lat' dir='ltr'>nonsit</span> <span class='ocrx_word' id='word_1_49' title='bbox 982 1281 1074 1338; x_wconf 86' lang='lat' dir='ltr'>notus</span> <span class='ocrx_word' id='word_1_50' title='bbox 1096 1276 1202 1350; x_wconf 91' lang='lat' dir='ltr'>Deus;</span> <span class='ocrx_word' id='word_1_51' title='bbox 1220 1297 1290 1340; x_wconf 90' lang='lat' dir='ltr'>cum</span> 
     </span>
     <span class='ocr_line' id='line_1_7' title="bbox 295 1373 1289 1458; baseline 0.001 -18"><span class='ocrx_word' id='word_1_52' title='bbox 295 1384 449 1441; x_wconf 84' lang='lat' dir='ltr'>mercatus</span> <span class='ocrx_word' id='word_1_53' title='bbox 461 1373 560 1458; x_wconf 90' lang='lat' dir='ltr'>gratia</span> <span class='ocrx_word' id='word_1_54' title='bbox 573 1373 623 1435; x_wconf 90' lang='lat' dir='ltr'>vel</span> <span class='ocrx_word' id='word_1_55' title='bbox 638 1374 762 1436; x_wconf 89' lang='lat' dir='ltr'>atterius</span> <span class='ocrx_word' id='word_1_56' title='bbox 775 1375 819 1437; x_wconf 88' lang='lat' dir='ltr'>rei</span> <span class='ocrx_word' id='word_1_57' title='bbox 835 1425 842 1449; x_wconf 91' lang='lat'>,</span> <span class='ocrx_word' id='word_1_58' title='bbox 859 1374 890 1436; x_wconf 91' lang='lat' dir='ltr'>in</span> <span class='ocrx_word' id='word_1_59' title='bbox 901 1375 968 1437; x_wconf 87' lang='lat' dir='ltr'>illas</span> <span class='ocrx_word' id='word_1_60' title='bbox 982 1380 1015 1437; x_wconf 89' lang='lat' dir='ltr'>et</span> <span class='ocrx_word' id='word_1_61' title='bbox 1026 1374 1095 1438; x_wconf 90' lang='lat' dir='ltr'>illas</span> <span class='ocrx_word' id='word_1_62' title='bbox 1108 1382 1206 1439; x_wconf 87' lang='lat' dir='ltr'>terras</span> <span class='ocrx_word' id='word_1_63' title='bbox 1218 1427 1226 1451; x_wconf 90' lang='lat'>,</span> <span class='ocrx_word' id='word_1_64' title='bbox 1238 1378 1289 1441; x_wconf 93' lang='lat' dir='ltr'>ubi</span> 
     </span>
     <span class='ocr_line' id='line_1_8' title="bbox 294 1477 1289 1562; baseline -0.001 -18"><span class='ocrx_word' id='word_1_65' title='bbox 294 1482 381 1544; x_wconf 92' lang='lat' dir='ltr'>Deus</span> <span class='ocrx_word' id='word_1_66' title='bbox 401 1478 520 1552; x_wconf 90' lang='lat' dir='ltr'>colitur,</span> <span class='ocrx_word' id='word_1_67' title='bbox 535 1477 654 1540; x_wconf 85' lang='lat' dir='ltr'>mixtim</span> <span class='ocrx_word' id='word_1_68' title='bbox 678 1478 817 1541; x_wconf 89' lang='lat' dir='ltr'>homines</span> <span class='ocrx_word' id='word_1_69' title='bbox 838 1487 928 1552; x_wconf 88' lang='lat' dir='ltr'>eant,</span> <span class='ocrx_word' id='word_1_70' title='bbox 951 1486 984 1542; x_wconf 89' lang='lat' dir='ltr'>et</span> <span class='ocrx_word' id='word_1_71' title='bbox 1006 1500 1074 1562; x_wconf 87' lang='lat' dir='ltr'>quae</span> <span class='ocrx_word' id='word_1_72' title='bbox 1098 1479 1139 1541; x_wconf 90' lang='lat' dir='ltr'>ibi</span> <span class='ocrx_word' id='word_1_73' title='bbox 1162 1481 1201 1542; x_wconf 91' lang='lat' dir='ltr'>de</span> <span class='ocrx_word' id='word_1_74' title='bbox 1221 1481 1289 1545; x_wconf 93' lang='lat' dir='ltr'>Deo</span> 
     </span>
     <span class='ocr_line' id='line_1_9' title="bbox 297 1576 1204 1652; baseline -0.001 -9"><span class='ocrx_word' id='word_1_75' title='bbox 297 1579 478 1652; x_wconf 87' lang='lat' dir='ltr'>audierunt,</span> <span class='ocrx_word' id='word_1_76' title='bbox 496 1576 579 1640; x_wconf 90' lang='lat' dir='ltr'>domi</span> <span class='ocrx_word' id='word_1_77' title='bbox 594 1576 746 1652; x_wconf 86' lang='lat' dir='ltr'>referant,</span> <span class='ocrx_word' id='word_1_78' title='bbox 765 1589 796 1641; x_wconf 87' lang='lat' dir='ltr'>ot</span> <span class='ocrx_word' id='word_1_79' title='bbox 809 1578 878 1640; x_wconf 91' lang='lat' dir='ltr'>ideo</span> <span class='ocrx_word' id='word_1_80' title='bbox 891 1587 963 1640; x_wconf 88' lang='lat' dir='ltr'>sunt</span> <span class='ocrx_word' id='word_1_81' title='bbox 974 1577 1204 1642; x_wconf 74' lang='lat' dir='ltr'>inexcusabiles,</span> 
     </span>
    </p>
   </div>
   <div class='ocr_carea' id='block_1_3' title="bbox 295 1884 1322 3738">
    <p class='ocr_par' dir='ltr' id='par_1_3' title="bbox 342 1884 769 1970">
     <span class='ocr_line' id='line_1_10' title="bbox 342 1884 769 1970; baseline -0.005 -22"><span class='ocrx_word' id='word_1_82' title='bbox 342 1886 395 1950; x_wconf 83' lang='grc'>10,</span> <span class='ocrx_word' id='word_1_83' title='bbox 423 1885 470 1946; x_wconf 86' lang='lat' dir='ltr'>De</span> <span class='ocrx_word' id='word_1_84' title='bbox 485 1891 685 1970; x_wconf 78' lang='lat' dir='ltr'>ignoratione</span> <span class='ocrx_word' id='word_1_85' title='bbox 699 1884 758 1944; x_wconf 85' lang='lat' dir='ltr'>Dei</span> <span class='ocrx_word' id='word_1_86' title='bbox 763 1935 769 1946; x_wconf 87' lang='lat'><em>.</em></span> 
     </span>
    </p>

    <p class='ocr_par' dir='ltr' id='par_1_4' title="bbox 295 1982 1322 3738">
     <span class='ocr_line' id='line_1_11' title="bbox 341 1982 1289 2066; baseline -0.002 -18"><span class='ocrx_word' id='word_1_87' title='bbox 341 1987 381 2049; x_wconf 91' lang='lat' dir='ltr'>D.</span> <span class='ocrx_word' id='word_1_88' title='bbox 407 1986 541 2050; x_wconf 88' lang='lat' dir='ltr'>Possunt</span> <span class='ocrx_word' id='word_1_89' title='bbox 550 1983 688 2047; x_wconf 82' lang='lat' dir='ltr'>excusari</span> <span class='ocrx_word' id='word_1_90' title='bbox 696 1982 747 2066; x_wconf 92' lang='lat' dir='ltr'>qui</span> <span class='ocrx_word' id='word_1_91' title='bbox 755 1983 856 2046; x_wconf 91' lang='lat' dir='ltr'>Deum</span> <span class='ocrx_word' id='word_1_92' title='bbox 865 1982 1016 2065; x_wconf 89' lang='lat' dir='ltr'>ignorant,</span> <span class='ocrx_word' id='word_1_93' title='bbox 1028 1991 1060 2045; x_wconf 90' lang='lat' dir='ltr'>et</span> <span class='ocrx_word' id='word_1_94' title='bbox 1069 1984 1166 2057; x_wconf 90' lang='lat' dir='ltr'>bona;</span> <span class='ocrx_word' id='word_1_95' title='bbox 1178 1991 1211 2046; x_wconf 93' lang='lat' dir='ltr'>et</span> <span class='ocrx_word' id='word_1_96' title='bbox 1221 1983 1289 2046; x_wconf 92' lang='lat' dir='ltr'>ideo</span> 
     </span>
     <span class='ocr_line' id='line_1_12' title="bbox 295 2081 1289 2165; baseline -0.004 -17"><span class='ocrx_word' id='word_1_97' title='bbox 295 2084 410 2148; x_wconf 86' lang='lat' dir='ltr'>faciunt</span> <span class='ocrx_word' id='word_1_98' title='bbox 421 2083 516 2147; x_wconf 80' lang='lat' dir='ltr'>molal</span> <span class='ocrx_word' id='word_1_99' title='bbox 534 2119 574 2132; x_wconf 93' lang='lat'>-</span> <span class='ocrx_word' id='word_1_100' title='bbox 591 2083 637 2146; x_wconf 94' lang='lat' dir='ltr'>M.</span> <span class='ocrx_word' id='word_1_101' title='bbox 658 2113 671 2135; x_wconf 72' lang='lat' dir='ltr'>u</span> <span class='ocrx_word' id='word_1_102' title='bbox 687 2081 748 2160; x_wconf 76' lang='lat' dir='ltr'>Qui</span> <span class='ocrx_word' id='word_1_103' title='bbox 759 2081 881 2165; x_wconf 80' lang='lat' dir='ltr'>ignorat</span> <span class='ocrx_word' id='word_1_104' title='bbox 891 2081 1088 2164; x_wconf 78' lang='lat' dir='ltr'>ignorabitur.</span> <span class='ocrx_word' id='word_1_105' title='bbox 1109 2082 1193 2160; x_wconf 78' lang='lat' dir='ltr'>»Qui</span> <span class='ocrx_word' id='word_1_106' title='bbox 1208 2083 1289 2145; x_wconf 91' lang='lat' dir='ltr'>enim</span> 
     </span>
     <span class='ocr_line' id='line_1_13' title="bbox 296 2181 1290 2265; baseline -0.003 -17"><span class='ocrx_word' id='word_1_107' title='bbox 296 2186 397 2249; x_wconf 90' lang='lat' dir='ltr'>Deum</span> <span class='ocrx_word' id='word_1_108' title='bbox 417 2183 523 2246; x_wconf 92' lang='lat' dir='ltr'>infide</span> <span class='ocrx_word' id='word_1_109' title='bbox 538 2192 570 2245; x_wconf 91' lang='lat' dir='ltr'>et</span> <span class='ocrx_word' id='word_1_110' title='bbox 585 2203 694 2265; x_wconf 88' lang='lat' dir='ltr'>opere,</span> <span class='ocrx_word' id='word_1_111' title='bbox 714 2189 748 2244; x_wconf 91' lang='lat' dir='ltr'>ut</span> <span class='ocrx_word' id='word_1_112' title='bbox 763 2187 889 2265; x_wconf 78' lang='lat' dir='ltr'>gentes,</span> <span class='ocrx_word' id='word_1_113' title='bbox 906 2181 1041 2264; x_wconf 85' lang='lat' dir='ltr'>ignorat,</span> <span class='ocrx_word' id='word_1_114' title='bbox 1063 2181 1142 2245; x_wconf 89' lang='lat' dir='ltr'>hunc</span> <span class='ocrx_word' id='word_1_115' title='bbox 1155 2183 1241 2246; x_wconf 89' lang='lat' dir='ltr'>Deus</span> <span class='ocrx_word' id='word_1_116' title='bbox 1254 2193 1290 2245; x_wconf 88' lang='lat' dir='ltr'>ut</span> 
     </span>
     <span class='ocr_line' id='line_1_14' title="bbox 296 2270 1289 2363; baseline -0.003 -15"><span class='ocrx_word' id='word_1_117' title='bbox 296 2285 416 2348; x_wconf 86' lang='lat' dir='ltr'>hostem</span> <span class='ocrx_word' id='word_1_118' title='bbox 430 2304 518 2346; x_wconf 90' lang='lat' dir='ltr'>suum</span> <span class='ocrx_word' id='word_1_119' title='bbox 532 2270 670 2345; x_wconf 85' lang='lat' dir='ltr'>damnat.</span> <span class='ocrx_word' id='word_1_120' title='bbox 693 2280 754 2358; x_wconf 79' lang='lat' dir='ltr'>Qui</span> <span class='ocrx_word' id='word_1_121' title='bbox 769 2287 873 2344; x_wconf 88' lang='lat' dir='ltr'>autem</span> <span class='ocrx_word' id='word_1_122' title='bbox 887 2281 989 2344; x_wconf 92' lang='lat' dir='ltr'>Deum</span> <span class='ocrx_word' id='word_1_123' title='bbox 1008 2271 1064 2363; x_wconf 87' lang='lat' dir='ltr'>per</span> <span class='ocrx_word' id='word_1_124' title='bbox 1082 2283 1173 2345; x_wconf 90' lang='lat' dir='ltr'>fidem</span> <span class='ocrx_word' id='word_1_125' title='bbox 1192 2303 1289 2346; x_wconf 91' lang='lat' dir='ltr'>nove-</span> 
     </span>
     <span class='ocr_line' id='line_1_15' title="bbox 296 2379 1286 2466; baseline -0.003 -18"><span class='ocrx_word' id='word_1_126' title='bbox 296 2392 367 2448; x_wconf 88' lang='lat' dir='ltr'>runt</span> <span class='ocrx_word' id='word_1_127' title='bbox 378 2433 385 2456; x_wconf 87' lang='lat'>,</span> <span class='ocrx_word' id='word_1_128' title='bbox 397 2383 452 2445; x_wconf 93' lang='lat' dir='ltr'>sed</span> <span class='ocrx_word' id='word_1_129' title='bbox 463 2382 652 2446; x_wconf 88' lang='lat' dir='ltr'>voluntatem</span> <span class='ocrx_word' id='word_1_130' title='bbox 663 2382 729 2465; x_wconf 90' lang='lat' dir='ltr'>ejus</span> <span class='ocrx_word' id='word_1_131' title='bbox 740 2379 927 2463; x_wconf 80' lang='lat' dir='ltr'>simpliciter,</span> <span class='ocrx_word' id='word_1_132' title='bbox 941 2387 978 2444; x_wconf 91' lang='lat' dir='ltr'>ut</span> <span class='ocrx_word' id='word_1_133' title='bbox 991 2381 1095 2445; x_wconf 85' lang='lat' dir='ltr'>rustici</span> <span class='ocrx_word' id='word_1_134' title='bbox 1108 2434 1114 2454; x_wconf 93' lang='lat'><strong>‚</strong></span> <span class='ocrx_word' id='word_1_135' title='bbox 1128 2381 1286 2466; x_wconf 87' lang='lat' dir='ltr'>ignorant,</span> 
     </span>
     <span class='ocr_line' id='line_1_16' title="bbox 297 2480 1289 2564; baseline -0.001 -17"><span class='ocrx_word' id='word_1_136' title='bbox 297 2484 531 2556; x_wconf 86' lang='lat' dir='ltr'>sidamnantur,</span> <span class='ocrx_word' id='word_1_137' title='bbox 549 2502 609 2543; x_wconf 92' lang='lat' dir='ltr'>non</span> <span class='ocrx_word' id='word_1_138' title='bbox 626 2480 760 2564; x_wconf 87' lang='lat' dir='ltr'>graviter</span> <span class='ocrx_word' id='word_1_139' title='bbox 774 2482 968 2556; x_wconf 88' lang='lat' dir='ltr'>damnantur,</span> <span class='ocrx_word' id='word_1_140' title='bbox 985 2489 1022 2544; x_wconf 91' lang='lat' dir='ltr'>ut</span> <span class='ocrx_word' id='word_1_141' title='bbox 1036 2481 1162 2545; x_wconf 74' lang='lat' dir='ltr'>dicitiu:</span> <span class='ocrx_word' id='word_1_142' title='bbox 1185 2512 1198 2536; x_wconf 77' lang='lat' dir='ltr'>u</span> <span class='ocrx_word' id='word_1_143' title='bbox 1215 2483 1289 2546; x_wconf 89' lang='lat' dir='ltr'>Ser-</span> 
     </span>
     <span class='ocr_line' id='line_1_17' title="bbox 296 2579 1290 2664; baseline -0.002 -18"><span class='ocrx_word' id='word_1_144' title='bbox 296 2602 355 2646; x_wconf 89' lang='lat' dir='ltr'>vus</span> <span class='ocrx_word' id='word_1_145' title='bbox 369 2581 507 2645; x_wconf 83' lang='lat' dir='ltr'>nesciens</span> <span class='ocrx_word' id='word_1_146' title='bbox 515 2580 704 2644; x_wconf 84' lang='lat' dir='ltr'>voluntatem</span> <span class='ocrx_word' id='word_1_147' title='bbox 709 2580 840 2645; x_wconf 69' lang='lat' dir='ltr'>,Domini</span> <span class='ocrx_word' id='word_1_148' title='bbox 854 2580 901 2643; x_wconf 88' lang='lat' dir='ltr'>sui</span> <span class='ocrx_word' id='word_1_149' title='bbox 914 2631 921 2655; x_wconf 86' lang='lat'>,</span> <span class='ocrx_word' id='word_1_150' title='bbox 935 2587 966 2643; x_wconf 91' lang='lat' dir='ltr'>et</span> <span class='ocrx_word' id='word_1_151' title='bbox 974 2602 1035 2643; x_wconf 92' lang='lat' dir='ltr'>non</span> <span class='ocrx_word' id='word_1_152' title='bbox 1049 2579 1162 2644; x_wconf 81' lang='lat' dir='ltr'>faciens</span> <span class='ocrx_word' id='word_1_153' title='bbox 1172 2631 1178 2651; x_wconf 82' lang='grc'><em>,</em></span> <span class='ocrx_word' id='word_1_154' title='bbox 1190 2602 1290 2664; x_wconf 88' lang='lat' dir='ltr'>vapu-</span> 
     </span>
     <span class='ocr_line' id='line_1_18' title="bbox 296 2679 1290 2765; baseline 0 -21"><span class='ocrx_word' id='word_1_155' title='bbox 296 2682 372 2746; x_wconf 86' lang='lat' dir='ltr'>labit</span> <span class='ocrx_word' id='word_1_156' title='bbox 387 2680 486 2765; x_wconf 88' lang='lat' dir='ltr'>plagis</span> <span class='ocrx_word' id='word_1_157' title='bbox 504 2679 619 2763; x_wconf 89' lang='lat' dir='ltr'>paucis.</span> <span class='ocrx_word' id='word_1_158' title='bbox 646 2711 658 2734; x_wconf 72' lang='lat' dir='ltr'><em>u</em></span> <span class='ocrx_word' id='word_1_159' title='bbox 685 2679 746 2756; x_wconf 79' lang='lat' dir='ltr'>Qui</span> <span class='ocrx_word' id='word_1_160' title='bbox 760 2687 863 2743; x_wconf 90' lang='lat' dir='ltr'>autem</span> <span class='ocrx_word' id='word_1_161' title='bbox 881 2699 937 2761; x_wconf 94' lang='lat' dir='ltr'>per</span> <span class='ocrx_word' id='word_1_162' title='bbox 951 2679 1105 2763; x_wconf 85' lang='lat' dir='ltr'>ingenium</span> <span class='ocrx_word' id='word_1_163' title='bbox 1126 2679 1202 2744; x_wconf 87' lang='lat' dir='ltr'>scire</span> <span class='ocrx_word' id='word_1_164' title='bbox 1218 2702 1290 2763; x_wconf 92' lang='lat' dir='ltr'>pos-</span> 
     </span>
     <span class='ocr_line' id='line_1_19' title="bbox 299 2778 1322 2866; baseline -0.004 -22"><span class='ocrx_word' id='word_1_165' title='bbox 299 2787 382 2854; x_wconf 87' lang='lat' dir='ltr'>sunt,</span> <span class='ocrx_word' id='word_1_166' title='bbox 390 2780 444 2843; x_wconf 87' lang='lat' dir='ltr'>sed</span> <span class='ocrx_word' id='word_1_167' title='bbox 453 2799 508 2863; x_wconf 91' lang='lat' dir='ltr'>per</span> <span class='ocrx_word' id='word_1_168' title='bbox 519 2779 667 2842; x_wconf 85' lang='lat' dir='ltr'>malitiam</span> <span class='ocrx_word' id='word_1_169' title='bbox 677 2778 753 2841; x_wconf 91' lang='lat' dir='ltr'>scire</span> <span class='ocrx_word' id='word_1_170' title='bbox 767 2778 970 2852; x_wconf 89' lang='lat' dir='ltr'>dissimulant,</span> <span class='ocrx_word' id='word_1_171' title='bbox 982 2786 1018 2841; x_wconf 92' lang='lat' dir='ltr'>ut</span> <span class='ocrx_word' id='word_1_172' title='bbox 1031 2778 1132 2842; x_wconf 86' lang='lat' dir='ltr'>clerici</span> <span class='ocrx_word' id='word_1_173' title='bbox 1145 2785 1177 2842; x_wconf 89' lang='lat' dir='ltr'>et</span> <span class='ocrx_word' id='word_1_174' title='bbox 1187 2800 1291 2840; x_wconf 89' lang='lat' dir='ltr'>mona·</span> <span class='ocrx_word' id='word_1_175' title='bbox 1319 2860 1322 2866; x_wconf 10' lang='grc' dir='ltr'><strong><em>ἢ</em></strong></span> 
     </span>
     <span class='ocr_line' id='line_1_20' title="bbox 298 2874 1289 2960; baseline -0.004 -18"><span class='ocrx_word' id='word_1_176' title='bbox 298 2879 364 2956; x_wconf 89' lang='lat' dir='ltr'>chi,</span> <span class='ocrx_word' id='word_1_177' title='bbox 382 2878 487 2942; x_wconf 91' lang='lat' dir='ltr'>durius</span> <span class='ocrx_word' id='word_1_178' title='bbox 501 2877 674 2960; x_wconf 86' lang='lat' dir='ltr'>punientur,</span> <span class='ocrx_word' id='word_1_179' title='bbox 690 2884 725 2940; x_wconf 94' lang='lat' dir='ltr'>ut</span> <span class='ocrx_word' id='word_1_180' title='bbox 739 2876 869 2940; x_wconf 87' lang='lat' dir='ltr'>dieitur:</span> <span class='ocrx_word' id='word_1_181' title='bbox 891 2905 904 2926; x_wconf 75' lang='lat' dir='ltr'>u</span> <span class='ocrx_word' id='word_1_182' title='bbox 923 2875 984 2952; x_wconf 80' lang='lat' dir='ltr'>Qui</span> <span class='ocrx_word' id='word_1_183' title='bbox 998 2876 1070 2950; x_wconf 86' lang='lat' dir='ltr'>soit,</span> <span class='ocrx_word' id='word_1_184' title='bbox 1082 2882 1115 2939; x_wconf 89' lang='lat' dir='ltr'>et</span> <span class='ocrx_word' id='word_1_185' title='bbox 1125 2897 1186 2938; x_wconf 91' lang='lat' dir='ltr'>non</span> <span class='ocrx_word' id='word_1_186' title='bbox 1197 2874 1289 2956; x_wconf 84' lang='lat' dir='ltr'>facit,</span> 
     </span>
     <span class='ocr_line' id='line_1_21' title="bbox 298 2976 1286 3062; baseline -0.004 -20"><span class='ocrx_word' id='word_1_187' title='bbox 298 2978 397 3062; x_wconf 83' lang='lat' dir='ltr'>plagis</span> <span class='ocrx_word' id='word_1_188' title='bbox 418 2977 576 3061; x_wconf 89' lang='lat' dir='ltr'>vapulabit</span> <span class='ocrx_word' id='word_1_189' title='bbox 590 2976 705 3040; x_wconf 76' lang='lat' dir='ltr'>multis,</span> <span class='ocrx_word' id='word_1_190' title='bbox 730 3007 743 3030; x_wconf 74' lang='lat' dir='ltr'>n</span> <span class='ocrx_word' id='word_1_191' title='bbox 768 2976 829 3054; x_wconf 75' lang='lat' dir='ltr'>Qui</span> <span class='ocrx_word' id='word_1_192' title='bbox 853 2996 927 3038; x_wconf 89' lang='lat' dir='ltr'>vero</span> <span class='ocrx_word' id='word_1_193' title='bbox 947 2977 1027 3039; x_wconf 88' lang='lat' dir='ltr'>bona</span> <span class='ocrx_word' id='word_1_194' title='bbox 1045 2976 1147 3039; x_wconf 83' lang='lat' dir='ltr'>audire</span> <span class='ocrx_word' id='word_1_195' title='bbox 1161 2977 1286 3047; x_wconf 89' lang='lat' dir='ltr'>nolunt,</span> 
     </span>
     <span class='ocr_line' id='line_1_22' title="bbox 298 3075 1293 3162; baseline -0.003 -21"><span class='ocrx_word' id='word_1_196' title='bbox 298 3087 332 3142; x_wconf 90' lang='lat' dir='ltr'>et</span> <span class='ocrx_word' id='word_1_197' title='bbox 346 3099 415 3162; x_wconf 85' lang='lat' dir='ltr'>quae</span> <span class='ocrx_word' id='word_1_198' title='bbox 429 3079 542 3141; x_wconf 88' lang='lat' dir='ltr'>debent</span> <span class='ocrx_word' id='word_1_199' title='bbox 557 3075 658 3141; x_wconf 83' lang='lat' dir='ltr'>facere</span> <span class='ocrx_word' id='word_1_200' title='bbox 670 3076 785 3140; x_wconf 90' lang='lat' dir='ltr'>discere</span> <span class='ocrx_word' id='word_1_201' title='bbox 801 3083 999 3140; x_wconf 75' lang='lat' dir='ltr'>contemnrmt</span> <span class='ocrx_word' id='word_1_202' title='bbox 1012 3126 1019 3151; x_wconf 86' lang='lat'>,</span> <span class='ocrx_word' id='word_1_203' title='bbox 1034 3075 1147 3160; x_wconf 87' lang='lat' dir='ltr'>duplici</span> <span class='ocrx_word' id='word_1_204' title='bbox 1158 3076 1293 3139; x_wconf 86' lang='lat' dir='ltr'>animad-</span> 
     </span>
     <span class='ocr_line' id='line_1_23' title="bbox 298 3175 1292 3263; baseline -0.003 -21"><span class='ocrx_word' id='word_1_205' title='bbox 298 3178 430 3242; x_wconf 85' lang='lat' dir='ltr'>versioni</span> <span class='ocrx_word' id='word_1_206' title='bbox 447 3179 656 3263; x_wconf 86' lang='lat' dir='ltr'>subjacebunt.</span> <span class='ocrx_word' id='word_1_207' title='bbox 675 3177 790 3253; x_wconf 91' lang='lat' dir='ltr'>Primo,</span> <span class='ocrx_word' id='word_1_208' title='bbox 806 3198 861 3259; x_wconf 91' lang='lat' dir='ltr'>pro</span> <span class='ocrx_word' id='word_1_209' title='bbox 877 3176 1081 3249; x_wconf 87' lang='lat' dir='ltr'>coutumacia;</span> <span class='ocrx_word' id='word_1_210' title='bbox 1096 3177 1178 3258; x_wconf 91' lang='lat' dir='ltr'>quod</span> <span class='ocrx_word' id='word_1_211' title='bbox 1191 3175 1292 3240; x_wconf 88' lang='lat' dir='ltr'>scien-</span> 
     </span>
     <span class='ocr_line' id='line_1_24' title="bbox 298 3274 1293 3361; baseline -0.001 -21"><span class='ocrx_word' id='word_1_212' title='bbox 298 3285 346 3340; x_wconf 87' lang='lat' dir='ltr'>ter</span> <span class='ocrx_word' id='word_1_213' title='bbox 357 3286 503 3361; x_wconf 85' lang='lat' dir='ltr'>peecant;</span> <span class='ocrx_word' id='word_1_214' title='bbox 523 3279 667 3352; x_wconf 82' lang='lat' dir='ltr'>secunda,</span> <span class='ocrx_word' id='word_1_215' title='bbox 677 3298 732 3360; x_wconf 93' lang='lat' dir='ltr'>pro</span> <span class='ocrx_word' id='word_1_216' title='bbox 747 3284 943 3358; x_wconf 88' lang='lat' dir='ltr'>contemptu,</span> <span class='ocrx_word' id='word_1_217' title='bbox 957 3274 1039 3357; x_wconf 89' lang='lat' dir='ltr'>.quia</span> <span class='ocrx_word' id='word_1_218' title='bbox 1050 3278 1164 3344; x_wconf 87' lang='lat' dir='ltr'>bonum</span> <span class='ocrx_word' id='word_1_219' title='bbox 1178 3276 1293 3339; x_wconf 87' lang='lat' dir='ltr'>discere</span> 
     </span>
     <span class='ocr_line' id='line_1_25' title="bbox 299 3374 1293 3459; baseline -0.002 -19"><span class='ocrx_word' id='word_1_220' title='bbox 299 3386 461 3451; x_wconf 82' lang='lat' dir='ltr'>recusant,</span> <span class='ocrx_word' id='word_1_221' title='bbox 477 3383 513 3438; x_wconf 91' lang='lat' dir='ltr'>ut</span> <span class='ocrx_word' id='word_1_222' title='bbox 525 3375 656 3439; x_wconf 84' lang='lat' dir='ltr'>dicitur:</span> <span class='ocrx_word' id='word_1_223' title='bbox 685 3405 698 3427; x_wconf 73' lang='lat' dir='ltr'><em>u</em></span> <span class='ocrx_word' id='word_1_224' title='bbox 718 3374 912 3438; x_wconf 86' lang='lat' dir='ltr'>Revelabunt</span> <span class='ocrx_word' id='word_1_225' title='bbox 926 3375 993 3438; x_wconf 87' lang='lat' dir='ltr'>coeli</span> <span class='ocrx_word' id='word_1_226' title='bbox 1012 3374 1203 3459; x_wconf 89' lang='lat' dir='ltr'>iniquitatem</span> <span class='ocrx_word' id='word_1_227' title='bbox 1224 3374 1293 3438; x_wconf 94' lang='lat' dir='ltr'>illo-</span> 
     </span>
     <span class='ocr_line' id='line_1_26' title="bbox 300 3473 1290 3559; baseline -0.002 -21"><span class='ocrx_word' id='word_1_228' title='bbox 300 3495 367 3538; x_wconf 89' lang='lat' dir='ltr'>rum</span> <span class='ocrx_word' id='word_1_229' title='bbox 380 3525 387 3549; x_wconf 92' lang='lat'>,</span> <span class='ocrx_word' id='word_1_230' title='bbox 399 3482 431 3538; x_wconf 87' lang='lat' dir='ltr'>et</span> <span class='ocrx_word' id='word_1_231' title='bbox 442 3483 525 3538; x_wconf 85' lang='lat' dir='ltr'>terra</span> <span class='ocrx_word' id='word_1_232' title='bbox 539 3475 685 3538; x_wconf 77' lang='lat' dir='ltr'>aduersus</span> <span class='ocrx_word' id='word_1_233' title='bbox 694 3496 748 3538; x_wconf 89' lang='lat' dir='ltr'>eos</span> <span class='ocrx_word' id='word_1_234' title='bbox 760 3474 961 3559; x_wconf 90' lang='lat' dir='ltr'>consurgetin</span> <span class='ocrx_word' id='word_1_235' title='bbox 969 3473 1020 3537; x_wconf 88' lang='lat' dir='ltr'>die</span> <span class='ocrx_word' id='word_1_236' title='bbox 1036 3473 1144 3539; x_wconf 87' lang='lat' dir='ltr'>furoris</span> <span class='ocrx_word' id='word_1_237' title='bbox 1154 3475 1290 3551; x_wconf 91' lang='lat' dir='ltr'>Domini,</span> 
     </span>
     <span class='ocr_line' id='line_1_27' title="bbox 300 3573 1293 3656; baseline 0.002 -19"><span class='ocrx_word' id='word_1_238' title='bbox 300 3576 352 3656; x_wconf 91' lang='lat' dir='ltr'>qui</span> <span class='ocrx_word' id='word_1_239' title='bbox 367 3574 509 3639; x_wconf 87' lang='lat' dir='ltr'>dixerunt</span> <span class='ocrx_word' id='word_1_240' title='bbox 517 3574 651 3638; x_wconf 91' lang='lat' dir='ltr'>Domino</span> <span class='ocrx_word' id='word_1_241' title='bbox 666 3575 750 3638; x_wconf 90' lang='lat' dir='ltr'>Deo:</span> <span class='ocrx_word' id='word_1_242' title='bbox 768 3576 891 3640; x_wconf 87' lang='lat' dir='ltr'>Recede</span> <span class='ocrx_word' id='word_1_243' title='bbox 905 3595 925 3637; x_wconf 90' lang='lat' dir='ltr'>a</span> <span class='ocrx_word' id='word_1_244' title='bbox 940 3573 1038 3648; x_wconf 79' lang='lat' dir='ltr'>nobiS,</span> <span class='ocrx_word' id='word_1_245' title='bbox 1054 3575 1210 3640; x_wconf 84' lang='lat' dir='ltr'>scientiam</span> <span class='ocrx_word' id='word_1_246' title='bbox 1227 3577 1293 3639; x_wconf 90' lang='lat' dir='ltr'>via-</span> 
     </span>
     <span class='ocr_line' id='line_1_28' title="bbox 301 3674 663 3738; baseline -0.006 -1"><span class='ocrx_word' id='word_1_247' title='bbox 301 3694 367 3737; x_wconf 91' lang='lat' dir='ltr'>rum</span> <span class='ocrx_word' id='word_1_248' title='bbox 379 3681 500 3737; x_wconf 87' lang='lat' dir='ltr'>tuarum</span> <span class='ocrx_word' id='word_1_249' title='bbox 512 3674 663 3738; x_wconf 88' lang='lat' dir='ltr'>nolumus.</span> 
     </span>
    </p>
   </div>
   <div class='ocr_carea' id='block_1_4' title="bbox 271 3974 1298 4362">
    <p class='ocr_par' dir='ltr' id='par_1_5' title="bbox 271 3974 1298 4362">
     <span class='ocr_line' id='line_1_29' title="bbox 345 3974 1045 4065; baseline 0.007 -28"><span class='ocrx_word' id='word_1_250' title='bbox 345 3974 401 4038; x_wconf 89' lang='grc'>11.</span> <span class='ocrx_word' id='word_1_251' title='bbox 431 3975 519 4060; x_wconf 79' lang='lat' dir='ltr'>Quid</span> <span class='ocrx_word' id='word_1_252' title='bbox 530 3985 572 4039; x_wconf 82' lang='lat' dir='ltr'>sit</span> <span class='ocrx_word' id='word_1_253' title='bbox 584 3979 739 4064; x_wconf 84' lang='lat' dir='ltr'>originale</span> <span class='ocrx_word' id='word_1_254' title='bbox 744 3993 923 4065; x_wconf 84' lang='lat' dir='ltr'>peecatum.</span> <span class='ocrx_word' id='word_1_255' title='bbox 1040 4024 1045 4032; x_wconf 84' lang='lat'><em>-</em></span> 
     </span>
     <span class='ocr_line' id='line_1_30' title="bbox 271 4075 1209 4164; baseline 0.003 -26"><span class='ocrx_word' id='word_1_256' title='bbox 271 4079 275 4085; x_wconf 82' lang='lat'><em>&#39;</em></span> <span class='ocrx_word' id='word_1_257' title='bbox 343 4076 386 4138; x_wconf 89' lang='lat' dir='ltr'>D.</span> <span class='ocrx_word' id='word_1_258' title='bbox 412 4075 494 4153; x_wconf 77' lang='lat' dir='ltr'>Quid</span> <span class='ocrx_word' id='word_1_259' title='bbox 509 4083 557 4139; x_wconf 89' lang='lat' dir='ltr'>est</span> <span class='ocrx_word' id='word_1_260' title='bbox 567 4076 713 4160; x_wconf 89' lang='lat' dir='ltr'>originale</span> <span class='ocrx_word' id='word_1_261' title='bbox 727 4080 908 4162; x_wconf 81' lang='lat' dir='ltr'>peccatuml</span> <span class='ocrx_word' id='word_1_262' title='bbox 926 4115 965 4128; x_wconf 94' lang='lat'>—</span> <span class='ocrx_word' id='word_1_263' title='bbox 979 4080 1027 4142; x_wconf 94' lang='grc' dir='ltr'>Μ.</span> <span class='ocrx_word' id='word_1_264' title='bbox 1047 4081 1209 4164; x_wconf 84' lang='lat' dir='ltr'>injustitia.</span> 
     </span>
     <span class='ocr_line' id='line_1_31' title="bbox 343 4174 1298 4264; baseline 0.001 -26"><span class='ocrx_word' id='word_1_265' title='bbox 343 4174 385 4238; x_wconf 87' lang='lat'>1).</span> <span class='ocrx_word' id='word_1_266' title='bbox 411 4176 537 4239; x_wconf 91' lang='lat' dir='ltr'>Planius</span> <span class='ocrx_word' id='word_1_267' title='bbox 562 4177 683 4241; x_wconf 87' lang='lat' dir='ltr'>edicito.</span> <span class='ocrx_word' id='word_1_268' title='bbox 704 4215 744 4228; x_wconf 96' lang='lat'>—</span> <span class='ocrx_word' id='word_1_269' title='bbox 765 4181 813 4243; x_wconf 88' lang='lat' dir='ltr'>M.</span> <span class='ocrx_word' id='word_1_270' title='bbox 841 4181 927 4243; x_wconf 87' lang='lat' dir='ltr'>Deus</span> <span class='ocrx_word' id='word_1_271' title='bbox 948 4181 1066 4264; x_wconf 88' lang='lat' dir='ltr'>justum</span> <span class='ocrx_word' id='word_1_272' title='bbox 1094 4180 1225 4262; x_wconf 88' lang='lat' dir='ltr'>primum</span> <span class='ocrx_word' id='word_1_273' title='bbox 1246 4179 1298 4240; x_wconf 91' lang='lat' dir='ltr'>bo-</span> 
     </span>
     <span class='ocr_line' id='line_1_32' title="bbox 300 4272 1298 4362; baseline 0 -25"><span class='ocrx_word' id='word_1_274' title='bbox 300 4272 411 4338; x_wconf 89' lang='lat' dir='ltr'>minem</span> <span class='ocrx_word' id='word_1_275' title='bbox 438 4273 520 4339; x_wconf 89' lang='lat' dir='ltr'>feoit.</span> <span class='ocrx_word' id='word_1_276' title='bbox 547 4276 646 4354; x_wconf 76' lang='lat' dir='ltr'>Quam</span> <span class='ocrx_word' id='word_1_277' title='bbox 672 4278 822 4359; x_wconf 76' lang='lat' dir='ltr'>justitiam</span> <span class='ocrx_word' id='word_1_278' title='bbox 846 4278 947 4362; x_wconf 91' lang='lat' dir='ltr'>ipsum</span> <span class='ocrx_word' id='word_1_279' title='bbox 970 4299 1092 4341; x_wconf 88' lang='lat' dir='ltr'>servare</span> <span class='ocrx_word' id='word_1_280' title='bbox 1115 4285 1148 4341; x_wconf 89' lang='lat' dir='ltr'>et</span> <span class='ocrx_word' id='word_1_281' title='bbox 1167 4277 1298 4360; x_wconf 88' lang='lat' dir='ltr'>posteris</span> 
     </span>
    </p>
   </div>
   <div class='ocr_carea' id='block_1_5' title="bbox 0 0 1607 5442">
    <p class='ocr_par' dir='ltr' id='par_1_6' title="bbox 0 0 1607 5442">
     <span class='ocr_line' id='line_1_33' title="bbox 0 0 1607 5442; baseline 0 0"><span class='ocrx_word' id='word_1_282' title='bbox 0 0 1607 5442; x_wconf 95' lang='lat' dir='ltr'> </span> 
     </span>
    </p>
   </div>
  </div>
 </body>
</html>
