3184 5442
551 747 667 789 ctossa
689 748 722 790 m
744 747 794 790 m.
819 749 861 790 so
883 747 1029 792 connum.
1246 734 1290 820 59

296 909 423 972 corpus,
441 889 578 952 membra
590 887 706 952 hebens
723 888 833 952 multa.
849 888 942 953 Ponit
956 896 1059 953 eutem
1071 888 1291 966 Christum,.id

294 997 362 1064 est,
380 995 491 1073 eaput,
509 996 542 1053 et
555 1007 616 1051 non
632 1008 753 1071 corpus,
780 1008 848 1071 quae
860 996 909 1053 est
922 989 1079 1064 Ecclesia,
1104 1010 1160 1072 pro
1181 991 1292 1073 spiritu

292 1107 355 1170 quo
366 1087 419 1153 illa
430 1087 488 1153 sibi
500 1094 572 1153 sunt
582 1088 776 1154 oohaerentia.
802 1120 847 1136 -·-
869 1088 908 1151 Si
919 1101 1017 1152 totum
1026 1111 1140 1176 eorpus
1150 1088 1222 1151 ocul
1262 1089 1292 1176 ]

293 1187 363 1251 Nec
377 1189 506 1265 debent,
521 1187 641 1272 inquit,
659 1197 765 1252 omnes
777 1187 809 1251 in
822 1188 960 1253 Ecclesia
972 1210 1039 1254 esse
1053 1189 1267 1272 praedicatores
1281 1213 1288 1253 ε

295 1285 369 1368 quia
389 1307 451 1350 non
476 1287 564 1351 decet
586 1293 685 1350 totum
705 1307 816 1370 corpus
838 1308 906 1351 esse
927 1289 1067 1363 oculum;
1090 1289 1118 1353 si
1134 1289 1214 1352 enim
1235 1289 1293 1354 hoc

295 1392 395 1461 esset,
406 1387 473 1472 jem
487 1407 548 1448 non
560 1393 642 1449 esset
655 1385 756 1470 ipsum
768 1407 897 1470 corpus,
916 1388 1059 1471 quianon
1079 1396 1160 1452 esset
1171 1389 1293 1454 auditus

295 1490 328 1546 et
344 1485 732 1569 caeteraepartescorporis.
759 1523 803 1535 —
831 1487 895 1550 Vos
914 1501 1017 1551 autem
1033 1488 1145 1575 estin]
1159 1487 1294 1573 coaptat

296 1584 526 1663 similitudines,
542 1607 620 1670 quas
633 1587 772 1671 superius
786 1588 861 1652 dicit
874 1591 914 1653 de
929 1611 1075 1674 corpore,
1088 1591 1128 1654 ad
1144 1590 1200 1654 hoc
1212 1591 1294 1673 quod

298 1683 380 1747 dixit
394 1707 401 1746 ι
424 1683 544 1770 Corpus
555 1709 650 1748 unum
665 1697 728 1763 est,
748 1699 779 1748 et
793 1686 932 1748 membra
946 1686 1056 1750 multa.
1071 1687 1223 1752 Convenit
1236 1688 1294 1752 hoc

298 1783 385 1866 quod
395 1783 488 1848 dicit:
507 1784 570 1848 Vos
582 1799 687 1850 autem
700 1795 776 1849 estis
786 1809 900 1873 eorpm
915 1785 1055 1866 Christi,
1070 1800 1101 1849 et
1109 1786 1245 1849 membra
1255 1786 1295 1850 de

299 1881 448 1946 membro.
470 1885 523 1948 Ad
542 1884 600 1949 hoe
617 1886 700 1968 quod
720 1885 825 1949 dixit:
842 1884 943 1972 ‚Nunc
964 1897 1067 1949 autem
1082 1895 1193 1971 posuit
1210 1887 1294 1949 Deus

298 1982 456 2063 membra,
469 1985 708 2074 unumquodque
717 1995 801 2049 sicut
809 1985 924 2048 voluit.
937 1984 1090 2050 Convenit
1101 1985 1184 2067 quod
1193 1984 1291 2048 dixit:

297 2084 343 2147 Et
359 2083 512 2171 quosdam
524 2085 648 2172 quidem
654 2095 766 2172 posuit
778 2095 811 2148 in
824 2085 994 2148 Ecclesia:
1004 2093 1144 2172 primum
1156 2087 1296 2170 Aposto-
1327 2124 1329 2129 -

299 2183 364 2263 los,
388 2184 526 2248 secundo
547 2186 747 2272 Prophetas‚·
765 2195 849 2249 sicut
871 2184 1034 2272 Agabum,
1053 2198 1084 2247 et
1106 2185 1186 2248 ditas
1197 2183 1294 2270 filias

298 2283 442 2372 Philippi
452 2307 465 2365 ,·
485 2294 579 2349 tertio
603 2287 772 2366 Doctores,
795 2300 854 2349 etc.
883 2288 934 2350 Ad
948 2286 1005 2351 hoc
1026 2287 1108 2370 quod
1132 2285 1233 2349 dixit:
1258 2284 1296 2349 Si

299 2396 397 2448 totum
421 2407 536 2470 corpus
562 2394 644 2448 esset
666 2385 793 2464 oculus,
820 2385 873 2449 uli
892 2385 1045 2448 auditus?
1068 2385 1220 2450 Convenit
1239 2385 1295 2449 hoc

299 2485 382 2567 quod
393 2485 493 2549 dixit:
511 2483 677 2572 Numquid
689 2507 795 2548 omnes
816 2486 990 2572 Apostoli?
1006 2485 1169 2573 Numquid
1188 2508 1295 2548 omnes

299 2584 494 2670 Propheta?
509 2585 601 2664 Quod
614 2586 725 2650 sectari
736 2587 828 2651 debet
840 2586 1005 2661 charitate,
1022 2589 1068 2650 uti
1086 2588 1117 2651 in
1132 2588 1191 2650 fine
1200 2586 1293 2669 Epis

299 2684 387 2761 ulae3
416 2694 447 2748 si
466 2685 602 2772 linguis,
628 2698 688 2748 ete.
721 2687 883 2750 concordet
908 2687 952 2750 sic
973 2710 979 2748 :
998 2695 1176 2760 sectamini,
1203 2686 1296 2771 igitur

300 2784 500 2848 charitatem.
518 2785 620 2850 Omne
640 2787 723 2868 quod
745 2787 854 2852 melius
867 2794 931 2864 est,
946 2796 978 2853 et
996 2787 1193 2852 excellentius
1207 2787 1293 2859 aliis,

300 2885 410 2949 sectati
426 2886 571 2949 debemus
586 2909 592 2948 :
607 2885 751 2951 Chautas
764 2895 868 2952 autem
880 2889 1076 2953 excellentior
1087 2897 1136 2952 est
1152 2889 1220 2952 aliis
1240 2888 1296 2949 do-

300 2985 349 3049 nis
371 2985 502 3068 Spiritus
521 2986 636 3059 sancti,
654 2989 736 3070 quod
756 2997 804 3051 est
828 2987 1079 3050 excellentiorem
1104 2995 1213 3063 viam,
1235 2998 1295 3047 etc.

302 3087 403 3170 Ergo,
423 3093 484 3149 eto.
507 3085 628 3149 Deinde
644 3107 682 3150 ea
700 3088 766 3151 sola
785 3087 898 3151 sufficit
919 3087 959 3149 ad
981 3085 1216 3158 beatitudinem,
1237 3084 1299 3148 ulia

301 3207 361 3249 non
377 3186 442 3250 sine
455 3187 519 3250 illa.
536 3187 618 3266 Quia
630 3207 731 3271 neque
744 3187 829 3272 loqui
846 3187 978 3271 lingum,
993 3205 1093 3269 neque
1109 3184 1294 3267 Prophetis,

248 3355 253 3366 ‚
302 3306 403 3368 neque
426 3286 571 3360 scientia,
597 3309 696 3370 neque
719 3290 812 3363 fides,
841 3307 940 3371 neque
963 3286 1175 3371 eleemosyna,
1198 3305 1299 3368 neque

305 3386 489 3471 martyrium
501 3387 653 3451 sufficiunt
664 3389 704 3451 ad
713 3387 949 3462 beatitudinem,
968 3386 1034 3451 sine
1048 3385 1216 3451 charitate:
1230 3384 1300 3448 cha-

303 3485 379 3548 ritas
403 3493 505 3550 autem
528 3487 594 3550 sola
613 3485 736 3551 sufficit.
758 3488 802 3551 Et
813 3487 869 3551 hoo
884 3495 932 3551 est
944 3487 1026 3570 quod
1037 3485 1130 3550 dicit:
1149 3484 1299 3547 Claritas
1426 3512 1429 3526 ·

299 3592 429 3670 patiens
452 3598 517 3663 est,
541 3597 601 3648 etc.
628 3588 800 3671 usquead,
819 3610 987 3675 numquam
1002 3586 1134 3650 excidit.
1160 3586 1243 3649 Nam
1267 3591 1300 3647 et

303 3684 450 3760 scientia,
475 3693 507 3750 et
528 3687 689 3770 prophetia
710 3690 936 3752 evacuabuntur
952 3712 958 3749 :
974 3708 1063 3751 omne
1084 3687 1166 3749 enim
1185 3685 1299 3766 imper-

302 3783 415 3847 fectum
433 3785 569 3869 perlecto
586 3787 834 3871 superveniente,
851 3795 1040 3851 evacuatur:
1061 3785 1148 3869 atqui
1165 3781 1299 3869 prophe·

303 3883 359 3960 tiu,
372 3893 404 3948 et
415 3885 543 3951 scientia
556 3894 628 3951 sunt
644 3886 843 3970 imperfeclu;
862 3907 936 3972 ergo
954 3887 1193 3950 evacuabuntur.
1210 3884 1301 3962 Quod

304 3990 405 4048 autem
426 3985 501 4049 dicit
519 4009 526 4049 ε
550 3985 627 4049 Cum
644 4008 744 4049 essem
760 3985 933 4073 parvulus,
950 3986 1062 4068 probat
1077 4003 1167 4047 omne
1185 3983 1300 4066 imper-

303 4082 423 4172 lectum¹
440 4084 575 4168 perlecto
596 4087 830 4171 superveniente
851 4084 1006 4148 evacuari.
1032 4121 1072 4133 -
1095 4080 1239 4146 Membra
1261 4081 1301 4141 de

304 4183 451 4248 membro.
465 4185 478 4272 l
492 4186 535 4251 Se
549 4195 640 4251 vocat
654 4183 824 4252 membmm
837 4208 856 4249 a
870 4207 931 4270 quo
945 4237 951 4259 ,
969 4185 999 4248 id
1014 4193 1076 4259 est,
1093 4205 1112 4247 a
1127 4186 1212 4270 cujus
1225 4203 1300 4264 prae-

303 4284 455 4349 dicatione
477 4287 644 4365 Corinthii,
672 4288 722 4373 qui
749 4295 836 4352 erant
859 4287 996 4349 membra
1019 4283 1152 4356 Christi,
1177 4301 1299 4365 proces·
