3184 5442
319 715 363 777 24
697 737 727 777 u.
755 737 930 780 cinnanum

320 872 423 960 Usqu'e
437 873 484 934 ad
503 873 601 959 legem
626 876 720 938 enlm.
735 873 747 961 ]
761 875 1068 961 Peccatum-quidem
1089 879 1120 941 in
1144 878 1192 944 his
1216 880 1309 945 etiam

316 972 368 1057 qui
391 972 491 1058 legem
513 981 709 1058 acceperant,
732 973 820 1040 fuit:
846 977 981 1040 sednon
1002 983 1137 1055 tantum,
1162 986 1310 1062 quantum

315 1071 422 1156 prius:
444 1092 499 1155 per
518 1072 632 1156 legales
650 1074 731 1138 enim
756 1075 973 1140 observantias·
989 1077 1077 1142 multi
1098 1079 1307 1144 salvabuntur.

317 1204 357 1219 --
382 1169 551 1246 Peccatum
566 1180 657 1236 enim.
672 1171 683 1259 ]
698 1167 801 1239 Aliter
816 1173 865 1238 hic
875 1181 1035 1258 peccatum
1050 1176 1203 1263 intelligit,
1218 1199 1325 1262 quam
1432 1251 1434 1253 .

315 1270 462 1352 superius
476 1271 641 1337 Peccatum
652 1273 733 1338 enim
745 1273 803 1339 hoo
815 1274 848 1337 in
861 1275 945 1351 loco,
963 1275 1113 1359 significat
1129 1277 1310 1360 praevarica-

313 1368 429 1460 tionem
440 1369 531 1457 legis,
551 1393 618 1455 quae
633 1393 694 1436 non
710 1372 920 1457 imputabatur
935 1394 1003 1437 cum
1015 1374 1067 1438 lex
1074 1394 1139 1438 non
1152 1385 1242 1440 esset.
1254 1398 1256 1402 ’
1269 1411 1309 1424 -

314 1468 355 1531 In
371 1468 619 1535 similitudinem.
634 1470 695 1558 ]Id
709 1479 773 1550 est,
795 1473 848 1556 qui
861 1473 1052 1556 praevaricati
1070 1481 1142 1538 sunt
1157 1483 1311 1558 precepta

313 1569 389 1644 Dei,
404 1570 608 1636 sicutAdam.
638 1608 678 1621 -
706 1571 770 1658 Qui
783 1586 831 1635 est
830 1571 945 1660 form
944 1572 1203 1661 futuri.]Adam
1214 1573 1312 1638 forma

314 1667 429 1734 Christi
445 1669 514 1734 filit.
529 1671 610 1750 Quia
629 1672 710 1738 siout
726 1672 777 1736 ille
797 1681 887 1756 pater
900 1674 1037 1738 omnium
1057 1675 1223 1739 secundum
1244 1695 1312 1739 car·

315 1789 405 1832 nem:
421 1770 465 1836 sic
474 1770 615 1837 Christus
627 1780 715 1856 pater
727 1773 863 1838 fidelium
879 1775 1046 1839 secundum
1059 1774 1163 1839 fidem.
1181 1777 1225 1839 Et
1235 1775 1313 1838 sicut

314 1889 355 1930 ex
382 1869 478 1935 latere
502 1871 596 1948 Adae,
620 1870 752 1938 formata
775 1879 823 1937 est
842 1874 930 1948 Eva3
953 1874 997 1938 sic
1019 1872 1176 1936 exlatere
1198 1872 1313 1937 Christi

314 1965 526 2051 profiuxemmt
543 1972 761 2047 Sacramenta,
778 1992 835 2054 per
853 1991 922 2056 quoe
937 1972 1073 2035 salvatur
1093 1969 1242 2033 Ecclesia.
1267 2005 1312 2018 -

315 2067 383 2130 Sed
399 2092 465 2132 non
481 2077 563 2131 sicut
578 2069 736 2132 delictum.
751 2068 764 2153 ]
777 2069 876 2133 'Ordo
895 2067 991 2146 Quasi
1010 2065 1145 2129 diceret:
1164 2067 1313 2145 Quamvis

314 2166 419 2229 Adam
429 2166 526 2229 forma
534 2165 593 2229 fuit
604 2167 734 2241 Christi,
751 2167 897 2250 majorem
909 2171 1013 2227 tamen
1024 2162 1189 2228 vimhabet
1198 2166 1311 2231 donum

314 2263 439 2328 Christi.
459 2264 535 2328 Plus
557 2263 638 2327 enim
658 2272 706 2328 est
730 2263 899 2333 vivificare.
923 2282 1015 2346 quam
1034 2262 1182 2327 occidere.
1207 2301 1247 2313 —
1271 2266 1312 2329 In

311 2369 421 2448 gratio
440 2369 533 2424 onias
553 2360 728 2448 hominis]
750 2362 785 2425 In
811 2363 928 2447 gratia,
956 2361 1073 2436 idest,
1097 2370 1222 2448 propter
1244 2386 1312 2451 gra-

314 2460 400 2523 tiam.
426 2457 565 2524 Gratiam
592 2467 695 2524 autem
715 2459 764 2524 hio
785 2467 877 2525 vocat
898 2458 1116 2544 perfectionem
1138 2463 1307 2541 virtutum,

315 2578 407 2641 quam
421 2558 513 2622 homo
534 2558 585 2622 ille
606 2579 625 2622 a
645 2559 740 2622 verbo
758 2558 862 2623 Patris
884 2566 1075 2643 assumptus,
1102 2582 1158 2645 per
1180 2564 1311 2647 gratiam

314 2657 375 2721 Dei
397 2657 510 2721 habuit.
535 2692 578 2705 —
599 2657 639 2720 In
656 2655 777 2743 plures.
794 2656 807 2744 ]
825 2659 936 2723 Plures
948 2658 1038 2734 dicit,
1059 2680 1120 2723 non
1139 2660 1180 2724 ad
1202 2682 1311 2726 nume·

315 2777 400 2833 rum,
414 2757 469 2821 sed
490 2757 562 2840 quia
575 2757 607 2820 in
626 2757 710 2822 vitiis
730 2758 844 2842 plures.
864 2758 969 2823 Adam
989 2757 1070 2820 enim
1091 2779 1146 2842 per
1167 2760 1313 2844 originale

316 2855 401 2920 dedit
416 2865 564 2934 mortem,
579 2856 722 2922 Christus
732 2877 806 2921 vero
820 2858 859 2921 de
879 2857 1048 2922 actualibus
1064 2864 1096 2921 et
1117 2857 1312 2942 originalibus

315 2955 465 3021 liberavit.
489 2992 529 3004 —
549 2958 594 3021 Et
616 2980 679 3020 non
691 2964 786 3020 sicut.
802 2957 814 3045 ]
828 2958 939 3022 Aliter.
954 2956 1023 3021 Etsi
1038 2958 1116 3021 siout
1131 2963 1308 3039 peccatum,

315 3055 405 3120 itaet
419 3056 533 3121 donum
547 3079 555 3120 ι
569 3057 601 3121 id
615 3064 679 3134 est,
694 3063 824 3143 utraque
839 3057 926 3145 paria
939 3077 1001 3120 non
1014 3062 1095 3120 sunt.
1127 3092 1168 3104 -
1196 3054 1313 3119 Gratia

317 3166 421 3217 autem
433 3178 474 3218 esc
483 3157 715 3244 ocultis.]0rdo
727 3169 785 3225 est.
798 3160 909 3224 Gratia
917 3166 1020 3224 autem
1029 3158 1061 3222 in
1065 3157 1312 3245 justificationem
1433 3193 1434 3196 =

316 3275 356 3319 ex
367 3255 471 3319 multis
485 3257 614 3322 delictis.
641 3294 685 3310 -—
705 3254 775 3321 'Por
784 3261 879 3322 unias
883 3261 1057 3344 justitiam.
1072 3254 1313 3344 ]Perjustitiam

317 3359 349 3416 et
360 3353 564 3418 obedientiam
575 3355 689 3419 Christi
701 3407 707 3432 ,
719 3358 785 3420 vita
801 3357 935 3420 omnium
948 3357 1137 3421 credentium
1147 3357 1315 3441 justificata

317 3463 376 3516 est.
400 3453 561 3531 Quiainde
575 3452 673 3518 factus
684 3460 732 3517 est
746 3454 848 3518 hostia
861 3453 1141 3536 acceptabilis-Deo
1160 3474 1217 3536 pro
1239 3475 1314 3537 pec·

317 3551 395 3616 catis
409 3550 556 3615 omnium.
574 3551 655 3630 Quia
667 3553 769 3640 justus
789 3558 822 3615 et
841 3550 1055 3636 immaculatus
1076 3549 1143 3612 sine
1166 3556 1310 3631 peccato,

220 3694 223 3699 -
319 3659 352 3716 et
366 3651 509 3716 obediens
520 3649 685 3735 irritasque
696 3652 736 3715 ad
754 3657 896 3714 mortem.
922 3685 961 3697 -
984 3648 1074 3711 Sicut
1085 3653 1178 3710 enim.
1192 3647 1204 3733 l
1220 3646 1314 3714 Com·

318 3751 458 3835 probatio
474 3758 506 3816 et
520 3751 670 3836 expositio
686 3750 848 3836 superioris
859 3759 981 3836 versus}
991 3747 1100 3813 Omnis
1113 3747 1194 3811 enim
1210 3747 1314 3813 inobe-

317 3850 435 3915 dientia
447 3851 474 3915 si
486 3857 606 3916 tantum
617 3850 699 3916 mala
716 3856 780 3927 est,
796 3849 950 3914 delictum.
962 3849 1005 3912 Et
1026 3847 1124 3911 omnis
1142 3848 1316 3913 obedientia

320 3951 347 4013 si
360 3958 481 4016 tantum
492 3953 572 4017 bona
583 3958 647 4028 est,
662 3950 791 4038 justitia.
824 3985 863 3998 -
887 3948 951 4011 Per
961 3956 1055 4011 onius
1069 3947 1315 4034 obedierim]

320 4050 380 4112 Per
400 4051 603 4117 obedientiam
622 4050 757 4116 Christi:
775 4050 850 4135 justi
866 4057 937 4113 sunt
952 4048 1057 4122 multi;
1079 4048 1127 4112 vel
1153 4048 1226 4132 quia
1245 4050 1333 4135 obe·

321 4150 435 4216 dientia
445 4151 577 4216 hostiam
589 4151 823 4217 commendavit.
835 4150 893 4214 Vel
907 4150 976 4234 quia
997 4149 1171 4214 obedientia
1181 4149 1221 4212 ad
1233 4169 1314 4211 mor-

322 4261 385 4314 tem
401 4249 556 4314 Christum
574 4250 727 4333 perduxit.
746 4248 839 4313 Fides
862 4258 965 4313 autem
984 4249 1089 4314 mortis
1104 4251 1185 4334 ejus,
1207 4247 1315 4332 justifi-
