3184 5442
555 669 764 714 aiccionmuu
787 671 855 712 sira
878 669 1037 712 DlALOGL's.
1230 652 1295 715 233

343 812 386 875 D.
404 812 516 896 Nonne
528 810 626 873 Judas
640 809 722 871 idem
737 806 854 888 accepit
869 807 951 890 quod
966 808 1094 873 Petrusl
1111 846 1151 858 -
1164 812 1210 875 M.
1228 814 1295 877 Ne-

298 931 476 996 quaquam:
497 909 570 994 quia
585 910 695 973 Petrus
712 907 884 1001 Dominurq
901 907 1027 972 dilexit:
1044 909 1114 973 ideo
1136 921 1295 996 acceptum

298 1033 317 1075 a
335 1011 467 1075 Domino
493 1018 717 1075 sacramentum
739 1029 808 1072 curn
828 1008 942 1071 virtute
967 1011 1032 1095 ejus
1047 1011 1181 1094 accepit,
1198 1014 1296 1077 Judas

297 1132 370 1175 vero
386 1111 458 1195 quia
474 1110 640 1174 Dominum
656 1109 763 1183 odivit,
781 1108 914 1191 speciem
929 1109 1052 1192 quidem
1066 1112 1155 1194 panis
1163 1115 1292 1197 accepit,

297 1214 351 1275 sed
363 1212 459 1276 virtus
474 1209 656 1275 sacramenti
671 1210 703 1272 in
719 1208 844 1272 Christo
861 1209 1026 1273 remansit:
1045 1210 1113 1274 ideo
1127 1220 1198 1295 post
1220 1216 1292 1280 buc·

296 1311 404 1376 cellam
420 1333 493 1374 mox
505 1310 642 1373 diabolus
660 1309 691 1371 in
713 1329 782 1371 eurn
802 1307 955 1380 introivit;
976 1311 1116 1392 quamvis
1131 1312 1219 1376 Judae
1234 1335 1294 1377 non
1359 1347 1362 1353 ·

297 1424 418 1495 corpus,
438 1413 493 1475 sed
508 1411 675 1474 buccellam
696 1415 815 1472 tanturn
831 1407 1007 1484 intinctam,
1031 1411 1163 1473 sednon
1186 1434 1293 1478 conse-

297 1518 413 1574 cratam
433 1512 527 1575 dedit.
550 1512 662 1575 Petrus
681 1508 815 1574 Domino
838 1507 1033 1587 adhaerebat,
1056 1517 1088 1573 et
1109 1512 1174 1597 ejus
1193 1514 1295 1577 verbis

297 1611 467 1674 obediebat.
490 1612 589 1674 Judas
610 1629 678 1673 curn
701 1606 834 1671 Domino
857 1628 982 1690 corpore
1004 1609 1198 1686 ambulabat,
1225 1634 1293 1676 curn

297 1710 493 1774 traditoribus
507 1709 616 1793 spiritu
635 1715 667 1770 et
682 1715 785 1770 mente
808 1713 885 1769 erat.
909 1707 954 1769 Hi
979 1728 1051 1791 ergo
1073 1709 1146 1772 dum
1169 1732 1293 1778 censum

296 1811 406 1875 debitae
417 1811 573 1875 servitutis
583 1808 716 1872 Domino
728 1814 800 1870 sunt
815 1807 961 1871 reddituri
973 1810 1128 1872 nocturnis
1139 1809 1289 1888 laudibus,

296 1911 486 1994 amplexibus
502 1911 692 1974 delectantur
710 1908 892 1972 illecebrosae
915 1908 1125 1991 copulationis.
1147 1911 1293 1976 Similiter

295 2011 368 2074 dum
386 2032 442 2095 pro
456 2032 489 2075 se
503 2020 534 2075 et
551 2031 607 2094 pro
623 2007 794 2073 commissis
809 2008 910 2070 Deum
926 2008 1046 2091 placare
1061 2010 1172 2075 debent
1186 2013 1292 2077 officiis

295 2109 417 2186 divinis,
434 2112 546 2175 liberos
560 2110 696 2174 alludunt
712 2117 743 2172 et
754 2106 859 2172 fovent
878 2107 910 2170 in
928 2108 1061 2192 gremiis.
1084 2111 1198 2174 Usibus
1221 2113 1291 2175 dili-

296 2219 404 2295 genter
421 2211 566 2275 insistunt
578 2210 741 2284 ventrinis,
756 2208 935 2292 perquirunt
956 2209 1111 2286 mulieres,
1134 2218 1170 2275 ut
1187 2233 1290 2276 eorum

296 2310 381 2375 liberi
391 2311 561 2376 accuratius
575 2311 702 2375 sedeant
717 2309 765 2373 vel
779 2318 862 2373 stent
872 2309 902 2372 in
915 2310 1036 2393 plateis.
1051 2311 1113 2393 Ipsi
1124 2312 1289 2378 Dominum

296 2411 336 2474 ad
359 2411 546 2475 iracundiam
569 2417 734 2495 provocant
757 2409 807 2473 his
829 2417 861 2473 et
883 2411 1055 2498 hujusmodi
1062 2435 1069 2485 ;
1095 2419 1131 2478 ut
1153 2414 1286 2478 dicitur:

301 2542 314 2565 u
332 2510 395 2595 Ipsi
410 2533 459 2576 rne
473 2518 716 2596 provocaverunt
736 2510 767 2573 in
788 2532 824 2575 eo
845 2511 897 2594 qui
917 2514 1168 2591 noueratDeuS,
1185 2522 1291 2601 elego

295 2615 466 2695 provocabo
478 2634 542 2689 eos,
560 2620 620 2676 etc.
650 2645 662 2666 n

340 2919 395 2984 31.
426 2920 588 3008 Quomodo
610 2921 704 2984 malis
722 2921 938 2984 sacerdotibus
946 2921 1138 3008 parendum,
1164 2945 1207 2984 art
1222 2922 1287 2985 sol-

296 3042 368 3083 vere
380 3034 496 3109 queant
505 3045 516 3082 .·
531 3034 560 3083 et
578 3044 620 3083 an
634 3022 775 3085 vitandi.
912 3058 920 3072 ,

339 3123 381 3187 D.
407 3123 465 3187 Est
478 3121 522 3185 eis
536 3122 752 3185 obedienduml
769 3158 809 3170 -
822 3122 869 3185 M.
888 3123 949 3187 Ubi
962 3124 1075 3185 bonurn
1090 3122 1284 3206 praecipiunt;

295 3244 356 3285 non
365 3222 428 3297 eis,
445 3222 499 3286 sed
509 3222 642 3287 Domino
661 3223 861 3286 obediendum
885 3230 951 3287 est:
974 3223 1115 3287 “Dicunt
1132 3223 1233 3301 enirn,
1257 3232 1289 3289 et

295 3343 355 3385 non
371 3321 493 3386 faciunt.
514 3355 527 3377 n
553 3323 616 3386 Ubi
633 3321 746 3386 malurn
766 3321 938 3405 imperant,
963 3322 1174 3387 contemnendi
1193 3330 1265 3388 suut
1276 3348 1283 3397 ;

295 3421 368 3505 quia
388 3454 400 3475 u
418 3422 539 3487 obedire
549 3429 670 3508 oportet
680 3423 750 3487 Deo
762 3423 861 3507 magis
876 3444 967 3506 quam
981 3423 1163 3486 bominibus.
1182 3456 1195 3477 η

339 3524 380 3587 D.
403 3525 538 3588 Possunt
548 3524 665 3588 solvere
676 3523 725 3587 vel
739 3523 849 3607 ligaret
862 3561 902 3572 —
915 3525 961 3588 M.
977 3524 1010 3587 Si
1027 3526 1066 3587 ab
1080 3524 1218 3588 Ecclesia
1228 3546 1287 3608 pu-

295 3622 373 3686 blico
385 3623 496 3709 judicio
505 3623 638 3707 separati
653 3643 714 3685 non
726 3629 809 3697 sunt,
824 3622 963 3706 quamvis
974 3623 1033 3707 ipsi
1043 3622 1162 3686 fortiter
1172 3624 1288 3708 alligati

295 3722 372 3797 sint,
388 3731 551 3809 utrumque
572 3734 716 3808 possunt;
736 3725 808 3806 quia
829 3745 888 3787 non
908 3724 984 3808 ipsi,
1006 3725 1060 3787 sed
1080 3723 1219 3787 Christus
1233 3745 1288 3807 per

294 3844 399 3886 eorum
416 3823 547 3888 officium
565 3825 641 3909 ligat
656 3832 688 3888 et
708 3823 821 3887 solvit:
844 3824 870 3886 si
888 3833 991 3889 autem
1011 3823 1125 3910 judicio
1144 3824 1289 3888 Ecclesiae

294 3921 405 3986 fuerint
419 3924 544 4000 exclusi,
562 3923 723 4007 spernendi
738 3932 809 3986 sunt
825 3930 860 3987 ut
874 3924 1006 3988 Etbnici.
1023 3923 1177 4002 Quamdiu
1191 3924 1289 3988 Judas

293 4042 363 4086 cum
379 4023 536 4106 Apostolis
549 4022 621 4097 fuit,
645 4031 680 4086 ut
699 4022 815 4085 amicus
832 4024 989 4107 apparuit,
1010 4031 1046 4088 ut
1059 4023 1110 4085 alii
1125 4023 1282 4106 Apostoli,

293 4122 479 4205 praedicavit,
497 4122 676 4206 baptizavit,
695 4121 782 4206 signa
796 4120 887 4197 fecit;
905 4130 1067 4207 postquam
1080 4124 1118 4186 ab
1130 4123 1174 4185 eis
1185 4142 1284 4185 reces-

293 4222 351 4295 sit,
378 4229 411 4284 ut
437 4223 573 4304 publicus
593 4222 689 4284 hostis
713 4220 830 4284 claruit.
855 4222 903 4285 lta
926 4223 976 4286 isti
1001 4221 1145 4304 quamdiu
1166 4226 1235 4283 sunt
1255 4220 1287 4282 in
