3184 5442
389 773 450 834 144
617 759 624 770 ’
763 789 792 828 n.
821 784 995 828 nannnnncr

384 938 475 995 vocat
484 928 726 993 excellentiorem
738 927 866 1009 gloriam
875 925 906 987 in
916 924 1134 987 resurrectione
1150 947 1155 986 :
1171 932 1287 1008 quanto
1296 928 1380 990 enim

386 1030 484 1115 magis
498 1029 565 1113 quis
578 1028 704 1111 patitur,
722 1033 809 1089 tanto
824 1023 922 1108 magis
937 1024 1139 1088 coronabitur.
1164 1059 1210 1072 -
1231 1024 1272 1085 In
1287 1025 1353 1086 mel
1371 1063 1384 1074 -

386 1136 439 1206 tis,
454 1137 487 1189 in
497 1127 643 1214 pellibus.
656 1126 903 1212 ]Vestimcntum
918 1131 966 1187 est
978 1145 1017 1187 ex
1028 1123 1109 1207 pilis,
1123 1130 1159 1187 ut
1171 1123 1267 1199 aiunt,
1281 1145 1384 1188 oame-

385 1226 483 1291 lorum
500 1226 613 1290 factum
628 1249 635 1287 ε
654 1247 714 1309 quo
729 1225 778 1288 vel
798 1224 930 1306 caprinis
942 1224 1071 1306 pellibus
1086 1223 1154 1306 quis
1167 1222 1199 1284 in
1213 1223 1311 1286 veteri
1322 1244 1382 1306 po-

385 1326 457 1409 pulo
468 1326 643 1389 Judaeorum
653 1346 726 1388 usus
734 1324 785 1397 sit,
799 1331 904 1406 aperte
914 1323 1064 1405 scriptura
1073 1343 1133 1385 non
1140 1321 1230 1395 dioit;
1244 1324 1384 1386 loannes

387 1433 489 1488 autem
504 1425 647 1509 Baptista
661 1445 733 1488 usus
749 1431 808 1487 est.
836 1459 878 1470 -
901 1419 1222 1508 Repromissioncm.]
1239 1421 1385 1485 Beatitu-

386 1524 456 1587 dine
473 1525 642 1589 animarum
655 1530 790 1606 recepta,
810 1521 990 1586 resurrectio
1002 1541 1173 1604 corporum,
1190 1541 1283 1603 quam
1298 1542 1386 1586 sanc-

387 1624 428 1686 tis
439 1624 502 1687 suis
513 1623 651 1707 promisit
661 1624 758 1698 Deus,
772 1622 839 1685 idco
851 1622 950 1685 adhuc
962 1620 1109 1695 differtur,
1124 1630 1160 1684 ut
1175 1620 1264 1683 simul
1275 1641 1383 1684 omnes

388 1743 600 1808 resurgamus;
613 1723 755 1806 quatinus
773 1721 804 1783 in
820 1721 971 1784 communi
988 1720 1098 1805 gaudio
1116 1720 1268 1796 omnium,
1283 1722 1384 1804 majus

390 1823 444 1886 fiat
455 1821 650 1906 singulorum.

808 2185 876 2225 CAP.
904 2184 962 2225 XII.

433 2410 617 2493 Impositum
630 2407 775 2492 raabam]
790 2408 1020 2473 Multitudinem
1031 2416 1205 2473 sanatorum
1218 2416 1309 2472 vooat
1323 2430 1383 2473 nu·

389 2510 469 2583 bem,
483 2508 555 2590 quia
563 2508 664 2570 verbis
675 2509 793 2590 pluunt,
808 2514 840 2570 et
852 2508 1004 2572 miraculis
1014 2517 1185 2573 coruscant.
1211 2545 1256 2558 -
1282 2508 1385 2571 Omne

383 2606 523 2692 pandas.
537 2606 548 2692 ]
563 2607 686 2696 Pondus
698 2616 789 2672 vocat
801 2616 958 2691 peccatum
965 2657 975 2688 ,
993 2609 1071 2673 sicut
1087 2610 1118 2672 in
1132 2611 1254 2675 Psalmo
1268 2631 1276 2672 :
1294 2611 1385 2696 Quo-

391 2714 478 2768 niam
491 2712 674 2793 iniquitates
685 2731 762 2769 meae
776 2731 990 2794 supergressa
1003 2722 1078 2771 sant
1091 2722 1188 2796 caput
1201 2732 1315 2770 nocam.
1331 2707 1386 2769 Si-

392 2818 444 2867 cnt
459 2828 538 2867 onus
550 2828 649 2891 grace
660 2820 806 2892 gravatae
825 2821 899 2870 sant
914 2831 1011 2895 saper
1023 2832 1083 2872 mc.
1115 2846 1150 2859 -
1177 2807 1386 2870 Consumma-

393 2919 500 2969 torem.
514 2905 525 2991 ]
539 2907 574 2969 Id
594 2913 657 2981 est,
680 2907 806 2990 quinos
830 2908 1066 2984 consummabit,
1088 2909 1120 2972 id
1143 2918 1207 2981 est,
1226 2908 1334 2971 animae
1354 2916 1386 2970 et

392 3007 525 3091 corporis
541 3006 707 3090 perfectam
721 3007 942 3071 beatitudinem
962 3009 1058 3072 dabit.
1085 3045 1129 3056 —
1155 2999 1292 3070 Gaudio.
1304 3006 1317 3093 ]
1328 3007 1386 3069 Vel

391 3106 477 3190 regni
492 3107 633 3180 ooelestiS,
647 3108 696 3170 vel
710 3107 796 3192 regni
808 3109 931 3183 terreni,
948 3108 1031 3191 quod
1041 3108 1098 3171 sibi
1107 3108 1241 3171 oblatum
1256 3114 1316 3170 est.
1345 3144 1384 3156 -—

391 3207 457 3268 Fili
466 3215 520 3282 mi,
534 3207 609 3272 noli.
624 3207 683 3292 ]In
693 3207 865 3271 Proverbiis
877 3208 920 3271 ita
930 3208 1059 3272 habetur
1073 3230 1080 3270 :
1100 3207 1312 3293 Disciplinam
1325 3209 1387 3272 Do

392 3315 470 3369 mini
475 3356 485 3386 ,
499 3307 548 3375 rili
559 3309 618 3386 mi,
631 3330 671 3369 ne
685 3307 819 3393 abjicias
826 3356 836 3387 ‚
849 3330 948 3394 neque
962 3307 1096 3392 deficias
1107 3331 1176 3369 cum
1187 3306 1275 3369 abeo
1289 3317 1387 3371 corri-

386 3415 478 3490 peris
490 3429 500 3467 :
511 3428 600 3492 quem
612 3414 695 3468 enirn
707 3406 814 3492 diligit
828 3408 980 3469 Dominus
989 3415 1122 3494 corripit
1126 3430 1139 3487 ;
1150 3420 1181 3469 ct
1189 3417 1280 3494 quasi
1290 3408 1388 3472 Pater

343 3553 347 3556 .
394 3513 428 3565 in
439 3503 524 3565 Filio
537 3503 709 3588 complacet
718 3505 786 3568 sibi.
810 3542 855 3553 —
879 3509 1027 3591 Ernctnm
1036 3507 1316 3594 pacatissimum]
1331 3510 1388 3574 Or-

394 3604 445 3664 do.
462 3603 607 3664 Fructum
623 3603 852 3684 pacatissimum
865 3607 1008 3690 justitiae,
1029 3607 1140 3683 idest,
1158 3628 1249 3691 quem
1266 3608 1388 3692 justitia

392 3708 590 3784 promeretur.
622 3737 659 3749 —
683 3702 822 3764 Pedibus
838 3713 968 3768 vestris.
982 3704 1104 3791 ]Pedes
1117 3715 1209 3771 vocat
1223 3706 1385 3791 cogitatio-

392 3822 463 3877 nes,
478 3821 545 3883 quae
564 3808 637 3865 tunc
660 3809 741 3866 recte
762 3803 954 3886 gradiuntur,
973 3827 1043 3869 cum
1058 3807 1136 3870 bene
1154 3807 1299 3882 credunt,
1313 3813 1387 3871 tunc

378 3900 575 3989 claudicant,
589 3921 657 3964 oum
666 3907 780 3965 errant.
807 3939 847 3950 -
872 3904 1003 3968 Scitote.
1018 3905 1185 3991 ]Ostensio
1195 3928 1287 3990 quam
1296 3905 1388 3970 fuerit

393 4001 477 4065 Esau
486 3998 642 4084 profanus,
654 4001 687 4063 id
698 4008 756 4077 est,
769 4022 788 4089 a
800 4011 951 4067 conventu
962 4005 1096 4069 fidelium
1107 4007 1235 4070 alienus.
1254 4042 1294 4055 -
1310 4005 1387 4070 Non

394 4099 690 4164 cnim'accessistis.
703 4099 714 4186 ]
726 4101 855 4179 Quando
875 4103 925 4166 lex
941 4104 1014 4167 data
1033 4112 1081 4169 est
1100 4106 1230 4182 Judaeis,
1245 4107 1388 4190 apparuit

395 4198 474 4283 ignis
488 4201 671 4277 tractabilis,
687 4202 719 4265 id
732 4208 795 4277 est,
814 4203 992 4286 palpabilia,
1009 4213 1040 4268 et
1055 4206 1253 4285 accessibilis,
1274 4206 1305 4268 in
1326 4227 1387 4289 quo

397 4300 576 4383 loquebatur
589 4303 689 4377 Deua,
705 4309 737 4365 et
753 4309 862 4366 caetera
876 4303 1021 4368 terribilia
1036 4326 1103 4389 quae
1118 4314 1296 4388 sequuntur.
1314 4305 1388 4368 Non
