3184 5442
552 699 757 741 uurcronmom
782 699 850 740 slva
876 698 1030 739 DlALOGt's.
1223 685 1289 744 2i3

296 840 421 920 praefixo
434 839 529 900 aDeo
545 846 681 920 tempore
698 837 737 898 de
756 836 838 919 ligno
857 838 928 898 vitae
946 838 1063 913 ederet,
1082 847 1113 902 et
1130 840 1172 902 sic
1187 841 1218 902 in
1230 863 1291 903 uno

293 946 380 1002 statu
394 939 589 1021 postmodum
603 943 808 1019 permaneret.

337 1040 379 1101 D.
397 1038 551 1115 Quamdiu
567 1039 735 1100 debuerunt
749 1056 817 1099 esse
832 1036 863 1097 in
876 1037 1040 1099 Paradisot
1056 1075 1095 1085 -
1109 1040 1153 1101 M.
1174 1038 1291 1122 Usque
1369 1073 1381 1099 0

293 1159 352 1220 quo
379 1137 555 1221 impleretur
580 1157 722 1199 numerus
744 1135 936 1219 Angelorum
958 1137 1011 1219 qui
1036 1138 1235 1213 ceciderunt;
1259 1149 1290 1203 et

293 1237 342 1300 illc
353 1258 497 1301 numerus
518 1237 682 1301 electorum
691 1284 700 1314 ,
716 1237 767 1319 qui
787 1243 854 1298 erat
870 1236 1043 1318 implendus
1062 1237 1088 1299 si
1104 1237 1216 1319 Angeli
1231 1260 1290 1302 non

293 1338 484 1401 cecidissent.

337 1438 378 1501 D.
407 1436 568 1514 Quomodo
589 1442 693 1518 posset
715 1435 882 1498 Paradisus
901 1457 954 1498 eos
979 1457 1084 1500 omnes
1108 1438 1234 1521 caperet
1249 1475 1288 1486 —

293 1537 338 1598 M.
357 1535 443 1600 Siout
456 1557 535 1599 nunc
547 1534 703 1618 generatio
719 1555 773 1616 per
795 1544 925 1597 mortem
943 1535 1092 1617 praeterit,
1111 1547 1143 1600 et
1160 1559 1288 1622 genera-

293 1635 336 1698 tio
350 1656 405 1717 per
418 1636 515 1699 vitam
531 1633 673 1705 advenit;
696 1634 740 1696 ita
762 1642 834 1697 tunc
855 1642 999 1717 parentes
1013 1635 1043 1696 in
1059 1635 1214 1699 meliorem
1229 1645 1290 1700 sta-

292 1745 357 1798 tum
386 1742 641 1798 assumerentur:
668 1733 721 1795 filii
751 1754 824 1796 vero
848 1755 953 1796 eorum
980 1734 1129 1816 praefinito
1151 1744 1289 1818 temporo

293 1835 395 1918 {quod
413 1835 545 1899 creditur
559 1834 639 1898 circa
660 1834 783 1917 triginta
808 1835 921 1917 annos)
936 1842 1008 1916 post
1022 1855 1109 1896 esum
1124 1834 1197 1917 ligni
1217 1836 1288 1899 vitae

293 1935 355 1997 suis
378 1935 508 2017 posteris
529 1936 686 2008 cederent,
710 1942 741 1997 et
763 1935 803 1995 ad
824 1941 994 1996 extremum
1010 1954 1115 1996 omnes
1130 1934 1243 2015 pariter
1258 1935 1288 1997 in

293 2035 376 2099 ooeiis
390 2035 521 2119 Angelis
535 2042 773 2118 coaequarentur.

336 2135 379 2197 D.
394 2136 493 2197 Erant
506 2134 594 2197 nudi?¹
611 2169 654 2181 -
670 2135 717 2197 M.
735 2133 821 2197 Nudi
839 2141 926 2196 erant
942 2157 947 2194 :
966 2140 997 2196 et
1012 2155 1073 2196 non
1092 2135 1160 2218 plus
1176 2136 1215 2197 de
1231 2135 1289 2198 illis

293 2232 454 2309 membris,
469 2254 561 2315 quarn
576 2234 615 2295 de
632 2233 726 2297 oculis
740 2234 969 2295 embesoebant.

337 2333 377 2396 D.
401 2333 482 2411 Quid
503 2340 550 2395 est
569 2334 650 2415 quod
669 2332 798 2396 dicitur:
817 2332 893 2395 Post
910 2341 1069 2414 peccatum
1092 2334 1235 2397 viderunt
1255 2356 1288 2397 se

293 2453 360 2495 esse
381 2433 497 2496 nudos:
513 2433 601 2515 quasi
613 2440 685 2496 ante
697 2433 753 2495 hoo
764 2453 825 2494 non
843 2431 990 2495 viderint?
1009 2470 1048 2480 —
1062 2435 1108 2497 M.
1122 2435 1199 2516 Post
1214 2455 1287 2517 pec-

292 2539 395 2595 catum
409 2553 482 2594 mox
497 2553 551 2615 per
566 2530 841 2613 concupiscentiam
859 2530 889 2592 in
903 2531 1032 2595 invicem
1048 2542 1241 2608 exarsenmt;
1256 2543 1288 2597 et

293 2630 324 2692 in
335 2631 386 2694 ilto
404 2633 540 2694 membro
557 2639 664 2693 exorta
678 2640 726 2693 est
741 2628 893 2704 confusio,
908 2632 989 2693 unde
1007 2632 1140 2696 humana
1153 2633 1289 2715 procedit

293 2751 440 2814 propago.

336 2831 379 2893 D.
404 2831 466 2895 Cur
486 2832 516 2893 in
540 2831 591 2894 illo
611 2832 747 2893 membro
768 2831 947 2913 plusquam
970 2828 1000 2891 in
1021 2829 1105 2892 aliist
1126 2866 1165 2876 —
1180 2831 1226 2892 M.
1245 2831 1289 2894 Ut

292 2930 404 2994 scirent
414 2933 495 3015 quod
508 2938 575 2994 tota
588 2931 753 3013 posteritas
767 2931 887 2993 illorum
900 2930 1006 2993 eodem
1021 2929 1144 2993 crimine
1156 2929 1288 2992 obnoxia

294 3039 461 3094 teneretur.

335 3131 377 3194 D.
394 3131 554 3210 Quomodo
569 3130 710 3194 viderunt
727 3131 825 3193 Deum
837 3129 867 3191 in
881 3129 1046 3192 Paradisot
1068 3163 1107 3176 -
1123 3128 1167 3190 M.
1187 3127 1284 3191 Vide·
1311 3198 1313 3207 ¹
1365 3146 1369 3152 ·

294 3240 363 3294 runt
374 3252 428 3313 per
438 3237 627 3312 assumptam
637 3229 777 3302 sormam,
792 3237 826 3291 ut
836 3229 994 3290 Abraham
1005 3237 1037 3290 et
1051 3227 1101 3290 alii
1113 3227 1285 3308 Prophetae.

249 3334 257 3347 ’
336 3330 378 3393 Ι).
390 3330 493 3407 Quare
501 3329 622 3391 seduxit
632 3328 685 3390 eos
694 3327 849 3390 diabolust
864 3363 901 3375 -
917 3328 963 3390 M.
975 3328 1105 3409 Propter
1115 3325 1259 3388 invidiam
1277 3349 1282 3386 ε

292 3428 401 3492 invidit
412 3427 492 3491 enim
507 3427 581 3502 iilis,
595 3448 634 3489 ne
648 3427 687 3488 ad
703 3426 848 3488 honorem
858 3426 942 3489 illum
953 3426 1162 3509 pervenirent,
1177 3427 1286 3508 dequo

292 3527 360 3608 ipse
374 3527 521 3608 superbus
535 3524 705 3589 cecidisset.

337 3626 376 3688 D.
396 3625 457 3688 Per
470 3625 544 3708 quid
554 3623 670 3687 invenit
684 3624 801 3688 aditmn
817 3625 973 3689 tentandit
993 3662 1032 3674 -
1046 3626 1092 3688 M.
1106 3625 1166 3688 Per
1178 3645 1286 3706 super-

293 3725 373 3787 biam
388 3748 393 3786 :
407 3725 504 3788 voluit
515 3725 595 3787 enim
608 3724 742 3808 homo-in
757 3725 881 3808 propria
896 3733 1049 3808 potestate
1060 3744 1198 3798 manere,
1214 3744 1287 3806 quo-

293 3824 375 3887 niam
390 3824 467 3888 dixit
480 3847 486 3886 :
499 3825 531 3886 in
543 3823 728 3887 abundantia
741 3845 809 3887 mea
825 3846 885 3887 non
899 3827 1043 3888 movebor
1058 3824 1089 3886 in
1103 3831 1260 3886 aeternum.

323 3924 379 3986 Ἰ).
394 3924 457 3988 Cur
471 3925 610 4007 permisit
623 3924 710 3987 Deus
720 3924 874 3988 hominem
887 3926 1016 3999 tentari,
1032 3946 1100 3989 cum
1113 3923 1204 3986 sciret
1217 3944 1285 3985 eum

293 4024 446 4106 superarit
463 4025 558 4088 -M.
582 4023 662 4101 Quia
683 4024 834 4106 praescivit
849 4033 965 4108 quanta
983 4025 1115 4088 bonade
1134 4024 1200 4108 ojus
1213 4043 1285 4104 pec-

293 4129 361 4187 cato
377 4132 458 4187 esset
474 4123 619 4187 facturus.

337 4224 378 4287 D.
395 4224 556 4300 Quomodo
568 4223 689 4286 seduxit
705 4223 780 4286 eos?
798 4261 838 4269 —
854 4225 899 4286 M.
916 4225 975 4286 Per
987 4231 1170 4305 serpentem.
