3184 5442
552 723 760 765 accoronnrru
785 721 856 762 stru
881 721 1039 762 nitrionis.
1231 704 1296 763 ‘279

187 892 190 897 ·
295 864 469 944 replebitur,
488 874 520 926 et
535 864 564 925 in
578 864 738 927 Corozaim
757 885 775 926 a
796 863 945 925 maleficis
967 863 1127 926 nutrietur.
1149 862 1297 926 Universo

294 964 359 1024 orbi
370 964 543 1048 imperabit,
562 977 593 1026 et
608 972 706 1025 totum
722 984 819 1047 genus
831 963 997 1039 humanum
1014 962 1072 1026 sibi
1088 972 1219 1045 quatuor
1230 985 1297 1024 mo-

294 1063 340 1125 dis
356 1063 539 1149 subjugabit.
565 1065 635 1126 Uno
654 1065 760 1124 modo:
786 1063 904 1125 nobiles
921 1062 977 1124 sibi
1003 1062 1118 1125 divitiis
1133 1063 1292 1134 adsciscet,

294 1163 429 1245 quaesibi
444 1164 579 1226 maxime
600 1162 738 1233 affluent,
763 1163 838 1244 quia
858 1163 956 1225 omnis
971 1164 1099 1245 pecunia
1120 1163 1296 1226 abscondita

294 1264 352 1326 erit
366 1264 394 1326 ei
409 1263 584 1327 manifesta.
609 1264 751 1327 Secundo
768 1263 875 1325 modo:
902 1263 1010 1347 vulgus
1023 1263 1081 1325 sibi
1095 1272 1209 1326 terrore
1223 1265 1295 1326 sub-

293 1365 357 1436 det,
381 1365 453 1447 quia
474 1364 610 1427 maxima
635 1363 754 1427 saevitia
777 1363 807 1424 in
832 1363 892 1425 Dei
913 1363 1045 1425 cultores
1065 1362 1167 1426 furiet.
1193 1363 1296 1426 Tertio

295 1465 399 1526 modo:
421 1464 571 1547 sapientia
583 1472 615 1526 et
626 1463 794 1526 incredibili
811 1462 987 1545 eloquentia
1006 1464 1119 1526 clerum
1135 1463 1293 1535 obtinebit,

295 1563 366 1645 quia
380 1585 485 1626 ornnes
504 1571 586 1625 artes
608 1571 640 1625 et
662 1583 783 1624 omnem
804 1562 995 1645 Scripturam
1015 1563 1190 1625 memoriter
1206 1563 1292 1625 sciet.

295 1666 412 1743 Quarto
427 1665 534 1726 modo:
558 1663 662 1725 mundi
683 1671 921 1746 contemptores,
939 1672 975 1727 ut
998 1671 1070 1726 sunt
1083 1663 1234 1736 monachi,
1253 1665 1293 1725 si-

294 1765 363 1849 gnis
378 1773 410 1828 et
424 1763 572 1847 prodigiis
597 1761 691 1826 fallet.
719 1764 828 1825 Faciet
842 1763 924 1825 enim
941 1772 1005 1826 tam
1029 1765 1180 1846 stupenda
1200 1763 1294 1827 mira-

293 1867 371 1938 cula,
388 1873 423 1928 ut
435 1866 541 1950 jubeat
554 1864 656 1948 ignem
684 1864 722 1925 de
744 1865 819 1925 coelo
842 1863 1037 1937 descendere,
1052 1873 1084 1926 et
1106 1865 1296 1927 adversarios

222 1955 224 1958 Α
292 1987 365 2028 suos
376 1986 480 2028 coram
493 1984 527 2026 se
542 1984 730 2035 consumere,
746 1971 778 2025 et
789 1970 926 2024 mortuos
942 1984 1108 2047 resurgere,
1124 1972 1156 2026 et
1167 1964 1224 2026 sibi
1236 1973 1295 2027 tes-

294 2065 456 2129 timonium
470 2065 555 2125 dare.

338 2166 380 2227 D.
400 2162 567 2226 Suscitabit
593 2170 730 2224 mortuos
753 2163 842 2224 reret
868 2187 911 2210 ⁴-
939 2164 983 2225 M.
1005 2162 1221 2246 Nequaquam,
1240 2165 1295 2226 sed

294 2264 432 2326 diabolus
447 2264 513 2348 ejus
525 2261 680 2323 maleficiis
691 2282 800 2344 corpus
814 2263 941 2348 alicujus
953 2263 1087 2337 intrabit,
1106 2272 1138 2326 et
1146 2264 1222 2326 illud
1236 2285 1293 2346 ap-

294 2364 438 2447 portabit.
459 2370 490 2425 at
503 2362 533 2423 in
553 2361 604 2423 illo
625 2361 780 2443 loquetur;
810 2371 845 2425 ut
861 2363 948 2445 quasi
970 2363 1075 2426 vivum
1091 2364 1241 2453 videatur,
1260 2372 1295 2427 ut

294 2464 417 2527 dicitur:
437 2494 450 2514 ι
466 2464 500 2526 ln
517 2461 657 2523 omnibus
671 2461 765 2544 signis
781 2473 813 2525 et
825 2463 972 2547 prodigiis
988 2463 1216 2526 mendacibus„
1233 2463 1295 2526 Hic

294 2565 452 2647 antiquam
466 2561 662 2626 Hierusalem
675 2563 879 2636 reaedificabit,
895 2564 928 2626 iu
941 2586 1002 2647 qua
1013 2585 1047 2627 se
1061 2573 1096 2627 ut
1116 2565 1217 2627 Deum
1236 2566 1293 2628 coli

291 2664 420 2748 jubebit.
445 2663 539 2725 Hunc
557 2662 578 2724 J
580 2662 657 2723 udaei
679 2682 718 2723 ex
734 2670 800 2724 toto
820 2665 891 2724 orbe
907 2664 1065 2727 venientes
1087 2685 1206 2727 summo
1221 2674 1294 2727 voto

295 2763 458 2846 suscipient
471 2784 478 2834 3
496 2762 551 2824 sed
564 2781 619 2842 per
631 2761 880 2843 praedicationem
893 2764 969 2825 Eliae
981 2773 1012 2825 et
1023 2763 1129 2826 Enoch
1145 2765 1184 2825 ad
1199 2764 1293 2827 chris-

296 2864 411 2926 tianam
431 2862 605 2946 religionem
629 2862 782 2935 redibunt,
803 2872 835 2925 et
860 2884 1056 2945 omnespene
1068 2862 1166 2925 dirum
1181 2875 1296 2946 marty-

296 2963 373 3026 rium
387 2963 539 3025 subibunt.

339 3066 380 3127 D.
399 3063 490 3141 Quali
510 3070 601 3125 aetate
616 3064 740 3125 venient
755 3063 798 3124 illi
815 3063 894 3125 duol
915 3099 954 3110 -
980 3063 1025 3124 M.
1049 3063 1083 3125 In
1108 3082 1144 3123 ea
1160 3082 1221 3142 qua
1243 3057 1292 3124 as?

295 3163 409 3246 sumpti
430 3171 501 3225 sunt
517 3188 523 3224 :
544 3162 597 3245 qui
609 3161 703 3224 etiam
715 3164 754 3224 ab
766 3163 968 3233 Antichristo,
990 3162 1040 3243 qui
1056 3169 1182 3223 vocatur
1198 3160 1294 3223 Ante-

295 3264 464 3339 moS,idest
476 3262 659 3325 contrarius:
676 3262 909 3336 velArneomai,
919 3262 1004 3324 idest
1014 3282 1103 3343 neg0,
1120 3259 1290 3331 vel,Titau,

294 3363 326 3425 iii
338 3371 395 3432 est,
405 3363 450 3425 sol
465 3362 514 3424 vel
526 3362 626 3444 gigas,
640 3363 872 3448 interficientur.
885 3362 947 3424 Hic
957 3382 1010 3443 per
1023 3368 1085 3423 tres
1096 3380 1192 3422 annos
1204 3367 1236 3421 et
1250 3359 1295 3421 di-

296 3463 421 3526 midium
435 3462 643 3525 monarchiam
662 3463 825 3535 obtinebit3
843 3463 951 3525 deinde
967 3462 1133 3526 tentorium
1145 3460 1242 3522 suum
1255 3462 1294 3523 ad

296 3563 515 3647 expugnandos
523 3563 623 3647 justos
638 3561 669 3623 in
681 3572 784 3625 monte
798 3562 913 3627 Oliveti
925 3563 1080 3635 extendet,
1094 3561 1125 3623 in
1136 3583 1196 3643 quo
1207 3561 1293 3624 inve-

295 3662 395 3725 nietur
415 3663 516 3725 subita
531 3670 628 3725 morte
642 3675 779 3725 mortuus
804 3662 911 3745 spiritu
935 3662 996 3725 oris
1016 3661 1153 3733 Domini,
1174 3662 1206 3723 id
1231 3675 1290 3732 est,

292 3764 380 3846 jussu
395 3761 455 3825 Dei
476 3761 671 3832 interfectus;
695 3773 728 3824 ut
746 3763 870 3826 dicitur:
892 3795 904 3816 ιι
919 3762 1126 3846 Praecipitabit
1144 3761 1294 3826 Dominus
1348 3807 1356 3821 .

296 3862 444 3946 inclytum
463 3863 612 3926 universae
633 3872 722 3926 terrae
738 3863 769 3926 in
785 3871 890 3926 monte
901 3871 1015 3926 sancto.
1032 3895 1043 3916 ιι

340 3952 382 4024 D.
399 3961 480 4025 Cum
504 3962 619 4025 dictum
640 3963 695 4025 sit:
717 3995 729 4014 ι
748 3963 824 4026 Dies
835 3964 881 4025 illi·
899 3972 1024 4046 propter
1039 3963 1151 4026 electos
1172 3963 1292 4026 brevia-

296 4065 426 4125 buntur:
447 4095 459 4116 ιι
478 4070 568 4124 erunt
582 4070 656 4125 tunc
677 4063 742 4126 dies
762 4063 933 4137 brevioreS,
960 4085 1050 4146 quam
1072 4063 1168 4125 nunct
1186 4099 1228 4110 -
1244 4063 1290 4124 M.

296 4162 372 4226 Dies
388 4171 462 4226 tunc
476 4163 520 4225 ita
534 4162 616 4244 longi
628 4173 716 4226 erunt
737 4164 815 4227 sicut
838 4187 928 4237 nunc,
947 4173 981 4228 ut
993 4166 1116 4228 dicitur:
1140 4162 1292 4226 uOrdina-

297 4262 379 4325 tioue
395 4271 448 4326 tua
460 4270 637 4345 perseverat
648 4263 725 4325 dies.
738 4296 749 4317 ιι
766 4265 829 4327 Set
841 4266 906 4327 (lies
918 4265 1057 4327 dicuntur
1069 4261 1209 4334 breviari,
1224 4262 1294 4342 quia
