3184 5442
383 704 449 768 310
766 727 796 768 o.
823 726 995 770 muranum

384 873 491 927 cantur
507 884 607 928 coram
624 865 804 928 hominibus.
828 868 900 949 Ipsa
916 860 1104 949 corripienda
1119 875 1190 926 sunt
1215 867 1377 940 secretius,

385 983 452 1045 quae
461 973 622 1046 peccantur
634 963 795 1036 secretius;
814 964 983 1027 distribuite
995 972 1147 1045 tempora,
1164 969 1197 1024 et
1211 965 1381 1027 concordat

384 1060 543 1144 scriptura.
570 1063 622 1126 Sic
646 1062 783 1145 agimus,
816 1072 848 1127 et
868 1064 911 1126 sic
933 1062 1083 1146 agendum
1106 1068 1164 1133 est,
1191 1082 1260 1123 non·
1278 1061 1380 1124 solum

384 1161 504 1241 quando
518 1161 549 1223 in
560 1182 615 1223 nos
624 1167 779 1244 peccatur,
798 1162 853 1225 sed
863 1162 983 1245 quando
994 1166 1137 1243 peccatur
1149 1161 1188 1221 ab
1199 1159 1318 1242 aliquo,
1335 1160 1380 1222 ita

384 1265 419 1320 ut
438 1260 476 1321 ab
492 1259 587 1321 altero
602 1259 765 1323 nesciatur.
788 1258 824 1322 In
845 1259 962 1324 secreto
978 1260 1122 1322 debemus
1141 1258 1315 1340 corripere,
1347 1259 1378 1320 in

383 1365 498 1419 secreto
512 1378 650 1442 arguere,
672 1379 713 1421 ne
724 1358 863 1421 volentes
873 1358 990 1441 publice
1002 1377 1128 1440 arguere
1143 1357 1311 1440 prodamus
1324 1357 1377 1419 ho

383 1456 505 1518 minem.
525 1458 592 1520 Nos
604 1458 744 1521 volumus
754 1457 917 1540 corripere,
939 1464 971 1520 et
985 1456 1151 1540 corrigere;
1175 1455 1251 1538 quid
1268 1448 1375 1518 siini-

383 1556 479 1618 micus
490 1557 598 1640 quaerit
608 1557 723 1630 audire,
737 1565 769 1620 et
783 1557 951 1640 corriperet
969 1555 1066 1620 Novit
1076 1555 1156 1617 enim
1168 1554 1376 1637 nescioquem

384 1654 563 1719 homicidam
578 1656 758 1739 Episcopus,
778 1664 810 1717 et
824 1655 900 1718 alius
911 1675 1000 1716 nemo
1015 1653 1098 1716 illum
1117 1652 1215 1716 novit.
1231 1655 1301 1737 Ego
1316 1675 1377 1737 pu-

383 1753 459 1817 blice
471 1755 630 1837 corripere,
652 1761 686 1817 at
699 1758 735 1817 tu'
754 1754 864 1836 quaeris
881 1753 1022 1828 scribere,
1048 1771 1171 1835 prorsus
1184 1771 1241 1814 nec
1263 1752 1372 1834 prodo,

384 1873 440 1915 nec
452 1854 583 1938 negligo.
601 1853 737 1936 Corripio
753 1853 783 1915 in
801 1860 928 1925 secreto,
948 1844 1028 1934 pono
1048 1863 1121 1914 ante
1135 1851 1238 1914 oculos
1252 1851 1313 1913 Dei
1325 1853 1376 1936 ju—

383 1952 506 2025 dicium,
521 1961 619 2016 terreo
633 1961 787 2016 cruentam
801 1950 1027 2023 conscientiam,
1041 1949 1210 2032 persuadeo
1221 1950 1375 2030 poeniten-

383 2050 468 2113 tiam.
482 2052 551 2115 Hac
563 2052 708 2115 charitate
720 2050 839 2134 praediti
851 2071 917 2113 esse
929 2050 1086 2112 debemus,
1101 2046 1192 2111 Unde
1210 2047 1375 2128 aliquando

384 2149 520 2214 homines
545 2152 768 2235 reprehendunt
789 2171 856 2227 noe,
879 2148 952 2232 quia
969 2148 1057 2230 quasi
1083 2168 1140 2209 non
1162 2146 1372 2228 corripiamus,

383 2257 436 2312 aut
453 2251 565 2332 pritant
579 2272 636 2312 nos
650 2250 726 2314 scire
741 2250 825 2332 quod
835 2247 996 2321 nescimus,
1013 2254 1068 2309 aut
1080 2254 1190 2328 putant
1201 2265 1258 2307 nos
1273 2253 1375 2308 tacere

383 2349 465 2428 quod
485 2349 608 2412 scimus.
633 2349 696 2413 Sed
712 2347 790 2412 forte
810 2348 891 2430 quod
909 2347 985 2410 dicis
1006 2353 1038 2408 et
1052 2367 1110 2430 ego
1125 2345 1207 2421 scio,
1237 2344 1291 2406 sed
1313 2364 1376 2405 non

382 2466 484 2507 coram
497 2454 528 2509 te
544 2447 688 2526 corripio,
712 2447 784 2526 quia
807 2467 913 2508 curare
931 2446 1021 2518 volo,
1046 2465 1107 2506 non
1126 2463 1282 2506 accusare.
1298 2442 1376 2504 Sunt

382 2543 519 2604 homines
535 2542 664 2605 adulteri
684 2543 714 2604 in
728 2543 867 2607 domibus
881 2545 956 2620 suiS,
974 2544 1004 2606 in
1021 2550 1137 2606 secreto
1149 2549 1299 2624 peccant;
1319 2542 1375 2605 ali-

381 2642 501 2722 quando
510 2641 597 2704 nobis
606 2643 773 2724 produntur
785 2645 825 2705 ab
836 2643 982 2706 uxoribus
996 2643 1069 2716 suis,
1084 2644 1262 2724 plerumque
1273 2641 1387 2703 celan„

380 2737 472 2813 tibus,
490 2739 650 2822 aliquando
663 2739 839 2802 maritorum
855 2741 985 2803 salutem
998 2737 1211 2821 quaerentibus.
1231 2737 1299 2800 Nos
1312 2756 1374 2797 non

381 2839 536 2919 prodimus
551 2839 664 2922 palam,
687 2839 741 2901 sed
756 2840 787 2900 in
804 2847 921 2901 secreto
945 2837 1100 2920 arguimus
1122 2858 1129 2897 :
1148 2835 1201 2898 ubi
1219 2834 1369 2918 contingit

381 2938 506 3013 malum,
525 2939 567 3001 ibi
581 2939 694 3001 malum
712 2937 870 3000 moriatur.
884 2938 955 3001 Non
977 2946 1084 2999 tamen·
1100 2936 1207 2998 vulnus
1227 2934 1302 2997 illud
1318 2954 1376 2995 ne-

383 3036 537 3120 gligimus,
564 3045 635 3099 ante
660 3036 761 3099 omnia
785 3037 979 3099 ostendentes
999 3035 1114 3097 homini
1129 3034 1160 3096 in
1181 3034 1234 3097 tali
1249 3041 1378 3117 peccato

382 3135 558 3209 constituto,
576 3135 769 3218 sauciamque
784 3135 901 3218 gerenti
923 3133 1149 3207 conscientiam,
1169 3132 1246 3195 'illud
1266 3132 1379 3195 vulnus

383 3255 451 3298 esse
465 3234 664 3298 mortiferum.
689 3267 701 3288 ι»
728 3235 767 3296 Β.
791 3235 1001 3319 Hieronymus
1023 3233 1066 3296 sic
1088 3252 1179 3316 super
1194 3232 1377 3295 Matthaeum

383 3334 456 3397 dicit
474 3359 479 3389 τ
502 3364 514 3385 u
529 3333 744 3415 Corripiendus
756 3340 804 3396 est
816 3331 909 3396 frater
926 3352 1073 3408 seorsum,
1098 3352 1147 3406 ne,
1166 3331 1192 3393 si
1206 3331 1302 3394 semel
1319 3352 1378 3413 pu·

320 3449 322 3452 ·
383 3433 498 3507 dorem,
516 3452 553 3494 ac
563 3431 775 3494 verecundiam
787 3431 934 3506 amiserit,
956 3438 1137 3513 permaneat
1151 3429 1182 3490 in
1196 3439 1332 3512 peccato.

427 3532 460 3594 ln
476 3530 522 3593 his
545 3529 620 3593 satis
641 3529 748 3612 liquet,
778 3529 892 3612 quiesi
914 3550 982 3612 quae
1005 3528 1161 3602 videmuS,
1184 3534 1216 3590 et
1230 3528 1376 3609 patimur,

383 3629 467 3693 salvo
478 3630 628 3693 dominico
641 3636 804 3713 praecepto,
818 3628 937 3691 nonnisi
951 3627 1108 3701 internos,
1138 3634 1170 3690 et
1182 3625 1291 3690 fratres
1302 3648 1378 3689 nos-

383 3736 446 3790 tros
470 3737 632 3811 peccantes
653 3736 805 3791 secretum
828 3727 942 3790 habere
967 3745 1139 3808 possumus
1169 3725 1203 3789 Si
1224 3724 1378 3809 corrigere

381 3827 547 3901 voluerint,
575 3825 755 3889 omnimodis
777 3824 915 3888 confessa
935 3825 1124 3908 detegimuS,
1153 3830 1233 3886 teste
1258 3824 1379 3906 Spiritu

381 3926 512 3996 Sancto,
541 3923 731 3998 antichristi,
752 3931 783 3985 et
808 3924 978 4005 proditores
1000 3924 1157 3987 habemur.
1188 3924 1236 3986 De
1263 3923 1378 4006 quibus

382 4023 469 4089 Felix
479 4022 580 4105 Papa:
596 4020 811 4084 aProditorum
822 4043 957 4103 necvox,
968 4042 1024 4086 nec
1037 4021 1189 4086 calumnia
1199 4021 1351 4085 audiatur.
1360 4054 1373 4075 n

427 4123 517 4202 Quod
528 4142 611 4200 vero,
630 4141 697 4204 quae
711 4117 849 4184 confessa
860 4131 933 4184 sunt
943 4124 998 4185 sub
1008 4121 1129 4184 nomine
1141 4120 1267 4184 alterius
1279 4122 1377 4203 culpae

386 4223 552 4303 vindicari,
576 4222 624 4285 vel
646 4228 761 4286 secrete
776 4221 843 4284 visa
866 4223 967 4305 detegi
982 4243 1042 4284 non
1066 4208 1212 4295 debeant,
1242 4221 1285 4284 sic
1303 4220 1376 4284 dicit
