3184 5442
295 703 340 764 68
675 719 704 759 o.
732 719 906 760 mmm

1021 788 1044 825 ο

296 865 396 928 vocati
405 863 601 926 exhortentur
612 859 652 921 ad
662 857 822 921 serendum
831 857 1056 930 tribulationes
1070 859 1152 924 etsic
1161 860 1294 924 salutern

296 965 512 1048 sempiternam
531 965 769 1041 consequantur.
797 993 837 1005 -
866 957 947 1042 Qaoe
965 971 1138 1044 operantur
1153 959 1294 1051 toleran-

297 1063 409 1149 tiam]
424 1063 505 1146 Spes
523 1059 631 1124 salotis
650 1067 771 1121 aeternae
786 1067 930 1141 operatur
943 1058 1153 1131 tolerantiam3
1177 1061 1208 1123 id
1223 1070 1291 1134 est,

297 1164 477 1248 patientiam
488 1163 519 1225 in
531 1161 629 1224 serris
646 1159 724 1231 Dei;
747 1159 821 1242 quia
839 1167 965 1243 propter
981 1160 1080 1242 ipsam
1097 1160 1226 1222 adversa
1245 1168 1295 1224 to-

297 1265 442 1328 lerantur.
467 1299 513 1310 -
537 1262 580 1323 Et
598 1282 672 1346 spes
690 1258 833 1344 nostra]
848 1259 927 1323 Cum
946 1259 1121 1343 principalis
1134 1279 1228 1324 causa
1243 1271 1294 1324 to-

298 1365 432 1428 lerantiae
443 1363 575 1437 illorum,
587 1362 670 1424 dicta
679 1360 719 1424 sit
729 1360 812 1423 salus
827 1368 957 1434 aetema;
975 1360 1067 1423 aliam
1081 1381 1204 1424 causam
1219 1382 1294 1444 sup-

298 1465 401 1548 ponit,
416 1471 451 1528 ut
463 1462 603 1527 videlicet
618 1480 689 1543 spes
704 1480 778 1533 sua,
801 1480 894 1547 quam
908 1480 964 1543 pro
977 1459 1027 1522 his
1041 1460 1189 1540 habebat,
1207 1462 1295 1524 firma

298 1574 456 1648 appareat.
486 1599 525 1610 -
550 1560 715 1622 Nouem‘m
725 1557 1148 1644 volramm.]Exponitquod
1156 1562 1296 1644 superius

299 1663 395 1736 dixit;
417 1662 491 1725 Sive
516 1674 620 1723 autem
639 1657 837 1721 tribulamur.
853 1661 896 1722 Et
916 1660 998 1743 quod
1016 1659 1185 1742 posterius:
1203 1659 1295 1723 Siout

299 1771 379 1826 socii
390 1770 590 1849 passionum,
604 1773 664 1822 etc.
692 1796 733 1808 -
762 1758 844 1843 Quoe
853 1757 954 1845 sacta
969 1772 1017 1821 est
1035 1769 1069 1820 in
1084 1759 1201 1846 Asia]
1222 1761 1294 1824 Non

299 1865 338 1927 de
356 1884 393 1927 ea
405 1864 480 1927 Asia
490 1862 623 1946 loquitur
642 1861 702 1937 hic,
725 1883 793 1946 quae
812 1866 860 1924 est
872 1861 967 1924 totius
978 1861 1081 1923 mundi
1092 1861 1184 1925 tertia
1197 1881 1269 1944 pars
1283 1885 1290 1933 ;

300 1965 356 2028 sed
370 1967 409 2029 de
424 1964 556 2049 quadam
575 1963 746 2038 Provincia,
770 1982 839 2045 quae
859 1961 956 2044 ipsius
975 1960 1099 2047 majoris
1120 1961 1205 2025 Asiae
1222 1982 1296 2045 pars

301 2072 367 2137 est;
389 2067 455 2151 ejus
472 2072 575 2128 tamen
595 2062 717 2125 nomine
737 2066 940 2142 nuncupatur.
966 2095 1009 2106 —
1032 2057 1206 2121 Multarum
1215 2082 1294 2146 per-

300 2162 422 2248 sonia]
440 2162 541 2227 Causa
559 2182 612 2225 cor
631 2159 731 2223 adhuc
753 2158 878 2242 eripiet,
901 2167 936 2221 ot
950 2157 1109 2236 videlicet,
1128 2180 1167 2222 ex
1182 2161 1295 2225 multa-

301 2285 366 2326 rum
382 2263 527 2327 socierum
544 2259 693 2345 personis,
713 2259 754 2322 ad
769 2259 870 2322 Deum
886 2266 1012 2343 propter
1026 2280 1130 2322 eorum
1148 2260 1294 2344 praedica-

300 2363 413 2425 tionem
425 2360 590 2435 conversis
607 2359 714 2444 gratia
733 2364 864 2442 agantur
879 2359 947 2422 Deo
963 2380 1018 2442 per
1031 2380 1135 2423 eonnn
1146 2360 1293 2442 praedica-

301 2461 430 2535 tionem,
451 2480 506 2544 per
520 2457 791 2523 moltoshabentes
812 2479 881 2522 eam
901 2459 1094 2523 donationem
1108 2459 1199 2535 fidei,
1224 2481 1294 2544 quae

301 2561 331 2623 in
354 2559 428 2641 ipsis
446 2566 504 2622 est.
524 2558 677 2623 Personas
700 2564 804 2621 autem
828 2557 991 2622 multarum
1014 2557 1159 2623 facierum
1179 2566 1290 2641 vocat,

301 2657 446 2733 infantes,
472 2679 598 2742 pueros,
624 2665 656 2722 et
678 2665 804 2722 caeteras
826 2664 934 2721 aetates
958 2658 1115 2722 hominum
1136 2659 1294 2743 utriusque
1378 2709 1381 2712 .

300 2780 402 2824 sexus.
431 2795 471 2807 -
489 2758 580 2822 'llam
600 2756 707 2845 gloria
727 2756 870 2843 nostra]
891 2758 985 2822 Ratio
1004 2778 1057 2823 cur
1079 2779 1131 2823 eos
1149 2760 1294 2846 adjuvare

300 2860 432 2925 debeant
447 2859 479 2922 in
498 2859 699 2932 orationibos;
724 2857 876 2933 videlicet,
897 2858 969 2941 quia
985 2858 1169 2924 conscientia
1187 2880 1293 2923 eorum

299 2960 388 3026 testis
405 2961 462 3037 sit,
491 2961 573 3044 quod
590 2959 706 3024 sincere
725 2959 897 3023 conversati
918 2959 980 3022 sint
1000 2959 1078 3024 inter
1098 2981 1161 3023 eos
1189 2995 1229 3008 -
1252 2962 1293 3023 In
1350 2985 1355 2992 ·

299 3059 493 3148 sapientia]
508 3058 668 3144 Sapientia
678 3058 808 3123 carnalis
819 3065 881 3134 est,
899 3060 1071 3143 voluptates
1086 3059 1224 3144 diligere,
1244 3060 1293 3123 la-

300 3164 389 3227 bores
400 3162 511 3227 vitare.
537 3197 581 3211 -—
604 3158 671 3223 Sed
678 3168 712 3221 in
719 3155 862 3246 gratia]
876 3158 913 3222 Id
924 3167 982 3234 est,
997 3160 1189 3224 observantia
1196 3163 1294 3223 bono-

300 3282 368 3325 rum
382 3284 527 3346 operum,
553 3283 621 3344 quae
637 3282 691 3344 per
706 3261 838 3344 gratiam
856 3258 915 3322 Dei
930 3260 1029 3324 datur.
1058 3296 1099 3309 -
1122 3259 1195 3322 Noa
1210 3267 1294 3323 enim

301 3360 367 3422 alia
382 3359 581 3444 scribimus]
603 3360 662 3424 Vel
684 3359 816 3422 dicitur:
835 3358 865 3419 in
884 3359 1079 3442 simplicitate
1089 3360 1182 3434 dicis,
1209 3368 1244 3424 tu
1263 3361 1295 3424 in

299 3458 359 3523 alia
373 3457 512 3541 Epistola
523 3456 688 3539 promisisti
704 3465 735 3519 te
746 3464 908 3519 venturum
922 3458 963 3521 ad
973 3478 1039 3532 nos,
1053 3445 1085 3520 et
1095 3480 1156 3522 non
1170 3460 1292 3525 venisti.

299 3558 372 3621 Non
387 3576 467 3630 sum,
485 3554 600 3638 inquit,
624 3554 717 3628 levis,
741 3552 813 3635 quia
836 3575 904 3637 quae
924 3555 1049 3637 scripsi,
1075 3563 1107 3617 et
1128 3558 1244 3639 legistis
1262 3561 1295 3623 in

234 3669 238 3676 '
299 3653 446 3738 Epistolis
461 3654 548 3729 meis,
560 3673 616 3717 vos
627 3652 749 3717 itaesse
763 3652 955 3739 cognoscitis
982 3688 1026 3699 —
1049 3651 1149 3737 Spero
1161 3659 1295 3745 autem]

300 3752 395 3833 Quasi
410 3753 541 3828 diceret;
557 3752 588 3815 in
607 3753 686 3815 bono
700 3750 886 3837 cognovistis
900 3771 971 3825 nos,
986 3751 1017 3812 in
1028 3749 1174 3833 principio
1189 3775 1197 3815 ε
1216 3763 1248 3819 et
1262 3759 1292 3821 in

299 3856 377 3918 bono
388 3853 575 3938 cognoscetis
584 3874 679 3936 usque
693 3851 723 3914 in
737 3855 840 3916 finem.
866 3887 910 3898 -
932 3850 972 3911 In
986 3849 1037 3912 die
1051 3850 1193 3929 Domini,
1212 3855 1293 3940 eta]

298 3953 404 4018 Sancti
419 3953 499 4016 enim
512 3953 541 4016 in
554 3953 696 4037 praesenti
708 3953 746 4016 de
763 3973 819 4016 sua
826 3953 906 4015 bona
915 3950 1098 4015 conscientia
1112 3951 1289 4037 gloriantur,

299 4053 378 4116 utin
394 4053 530 4135 psalmo:
553 4051 665 4114 Omnis
673 4051 780 4138 gloria
794 4049 953 4136 ejusfilioe
968 4059 1054 4138 regis
1071 4051 1110 4113 ab
1127 4060 1222 4116 intus.
1249 4091 1293 4102 -

299 4153 343 4214 Er
363 4149 422 4212 tac
443 4149 669 4236 confidentia]
685 4150 721 4213 Id
737 4158 799 4224 est,
822 4158 946 4233 propter
963 4151 1038 4214 hanc
1060 4154 1288 4228 confidentiam,

299 4273 360 4337 qua
385 4270 543 4334 speramus
569 4272 623 4334 per
649 4250 828 4315 alterutrum
852 4251 1021 4334 glorificari.
1049 4288 1091 4300 -
1115 4253 1291 4315 Secundam
